3192 4592
279 413 873 504 ursionem.bonomensis
904 447 907 456 '
920 453 980 518 337

146 595 177 642 te
195 568 287 662 potest
313 566 410 656 nangis
425 563 556 648 excusari
579 564 617 630 de
636 581 773 651 peccato,
793 564 867 652 quia
883 562 1025 654 supponit

141 666 242 727 talem
261 660 417 724 materiam
436 651 491 738 effe
508 652 577 716 bene
591 668 805 740 preparatam.

193 745 288 831 Quod
310 742 444 810 tandem
472 738 512 804 ad
534 737 640 804 locum
663 737 739 806 Alb.
761 741 893 826 Magn,
916 739 968 824 qui
992 762 1025 808 re

111 856 131 882 s
151 857 227 904 vera
245 829 359 902 clarior
380 827 443 909 est,
467 825 493 891 is
516 823 685 912 dupliciter
708 826 909 913 peculiariter
933 826 1027 896 solvi·

150 941 220 990 tut.
247 943 275 985 1.
293 941 346 1005 per
371 912 458 982 illius
480 910 624 998 exempla
642 913 676 978 Ρ.
696 914 744 979 11:
761 913 877 998 allata,
901 913 934 980 dc
952 913 1024 981 Sch.

148 1011 225 1094 Sup.
252 1027 281 1093 3.
303 1029 331 1092 p.
353 1000 506 1084 ejusdem.
530 1002 619 1069 Nam
644 999 677 1066 in
701 1000 765 1067 illis
783 999 1025 1070 Probabilismus

142 1119 212 1179 ne,
234 1090 269 1160 δι
291 1090 377 1178 praxi
400 1087 516 1156 diserte'
536 1083 643 1156 licitus
667 1087 850 1173 invenitur,
869 1087 945 1157 licet
964 1086 1025 1155 hoc

151 1181 224 1250 loco
245 1179 349 1249 verbis
371 1175 455 1246 clare
477 1173 584 1260 negati
608 1175 772 1245 videatur.
796 1199 825 1244 2.
844 1199 897 1262 pet
919 1173 1025 1243 Schol.

145 1293 182 1336 .1.
199 1267 237 1334 ad
264 1263 337 1334 Des.
357 1268 408 1332 26.
436 1263 572 1329 fortasse
595 1262 685 1330 enim
707 1263 890 1351 perminus
915 1261 1025 1349 proba-

151 1351 245 1436 bile,
272 1351 356 1440 quod
380 1373 420 1420 ex
443 1367 479 1416 to
502 1349 597 1438 magis
614 1351 767 1438 probabile
791 1351 852 1419 hoc
876 1349 946 1416 loco
970 1371 1026 1418 tre-
1111 1434 1113 1439 ³

149 1437 278 1511 cessatio
303 1436 455 1518 infertur,
476 1436 719 1526 nonintelligit
741 1462 877 1520 veram,
900 1437 934 1504 δι
959 1459 1027 1522 pro-

148 1531 255 1615 priam
281 1525 567 1612 probabilitatem,
589 1523 641 1594 sed
664 1524 769 1613 potius
792 1523 1027 1613 impropriam,

150 1639 187 1684 ac
209 1613 423 1694 diminutam,
446 1634 559 1696 nempe
583 1636 673 1695 eam,
694 1638 762 1700 quae
779 1637 834 1700 pro
853 1614 885 1680 se
898 1637 956 1677 non
973 1609 1026 1676 ha·

150 1703 200 1767 bet
220 1700 360 1764 rationem
383 1693 564 1781 expressam,
587 1697 717 1784 ideoque
740 1700 833 1768 aliter
852 1697 1028 1786 iutelligit,

151 1811 190 1853 ac
213 1807 269 1851 nos
292 1781 535 1869 intelligimus.
560 1783 601 1846 In
622 1807 684 1868 qua
707 1786 933 1870 usurpatione,
963 1784 1027 1866 ejus

135 1869 375 1958 =testimonium
399 1867 490 1935 nobis
511 1890 578 1933 non
607 1866 710 1936 solum
733 1894 797 1937 non
820 1872 919 1938 obesse
937 1875 958 1950 ,‘
976 1873 1027 1938 sed

150 1957 342 2044 nequidem
365 1957 402 2022 ad
425 1977 494 2023 tem
516 1955 594 2036 esse,
617 1955 813 2041 perspicuum
837 1958 895 2023 est.

197 2044 291 2129 Quod
304 2040 580 2129 nervotiquitas
597 2039 659 2111 sere
678 2061 748 2111 tota
765 2040 1028 2112 Probabilismum

152 2158 220 2200 non
242 2131 405 2214 rejecerit,
429 2129 480 2198 sed
501 2129 740 2216 approbaverit,
764 2155 803 2200 ex
827 2151 894 2200 tota
918 2130 1028 2198 secun·

74 2261 77 2269 ·
152 2223 193 2288 da
224 2219 314 2286 Parte
358 2218 392 2284 in
422 2215 610 2286 Scholarum
642 2218 863 2306 Principibus,
896 2217 1027 2306 aliisque

154 2307 344 2376 Dodoribus
369 2304 491 2392 liquet.

197 2391 525 2478 Quintumdecimum
557 2415 612 2478 per
632 2396 711 2463 Cor.
738 2420 767 2464 2.
791 2397 853 2465 Ax.
884 2417 960 2485 15.,
992 2395 1026 2461 dc

154 2485 235 2551 Can.
262 2483 318 2564 6.,
342 2503 377 2548 ac
400 2482 495 2568 Supp.
514 2505 542 2547 2.
572 2507 601 2569 p.
618 2481 727 2565 hujus.
750 2483 917 2570 Siquidem
940 2479 1025 2568 quod

154 2569 192 2636 ad
216 2567 356 2655 primum
379 2565 486 2636 locum
509 2568 648 2652 attinet,
670 2571 710 2638 de
734 2570 936 2658 opinionibus
954 2569 1027 2635 Ma-

155 2657 323 2744 gistrorum
348 2654 474 2722 diversis
505 2654 538 2721 in
569 2659 659 2726 rebus
693 2657 782 2726 Fidei
807 2678 870 2728 aut.
894 2659 1028 2724 Morum

154 2743 331 2812 necessariis
355 2741 574 2828 intelligitur,
595 2769 663 2832 quae
686 2745 756 2813 sunt
782 2750 945 2827 erroneae,
976 2743 1028 2810 seu

154 2856 222 2918 quae
239 2849 328 2900 certo
348 2828 503 2918 principio
521 2854 541 2896 o
564 2850 742 2917 ponuntur,
759 2857 872 2920 nempe
886 2831 946 2898 nel
964 2852 1028 2895 ma-

155 2917 271 2986 niseslae
292 2917 480 3003 Scriptura,
502 2855 561 2986 vel
578 2917 719 2986 Ecclesia
740 2914 1046 2986 determinationi·

156 3007 216 3072 Ha
232 3023 340 3073 autem
357 3003 524 3090 opiniones
541 3005 713 3089 probabiles
721 3003 780 3070 esse
798 3029 862 3071 non
886 3001 1028 3088 possunt,

156 3091 230 3175 quia
251 3092 361 3178 opinio
385 3090 552 3176 probabilis
575 3113 659 3158 error
681 3113 746 3156 non
767 3091 809 3156 est
827 3093 907 3172 (a).
932 3089 1026 3156 Unde
1064 3102 1128 3184 (a)
1141 3121 1194 3190 p„

159 3175 215 3243 hic
239 3177 325 3246 locus
347 3178 453 3266 potius
485 3174 706 3243 Probaliotillis
727 3174 781 3244 vel
812 3177 950 3244 maxime
973 3201 1028 3243 oo·
1063 3191 1131 3254 cor,
1155 3213 1184 3277 3.

160 3279 233 3342 cet,
254 3283 290 3331 ut
314 3265 446 3335 secunda
463 3262 554 3332 Patre
578 3263 779 3331 notavimus.
803 3266 885 3352 Lege
911 3264 1025 3330 attico·
1064 3275 1191 3360 θαμά,

162 3348 229 3417 lum
254 3348 418 3435 insonte,
441 3351 475 3420 δι
497 3350 530 3418 id
552 3348 688 3438 ipsismet
712 3349 812 3418 oculis
835 3351 1027 3438 cognosces.
1067 3382 1117 3447 27,

205 3435 301 3520 Quod
324 3439 361 3502 ad
384 3438 572 3521 secundum,
595 3435 781 3520 cumhujus
806 3435 868 3506 loci
891 3437 940 3506 vis
956 3461 1029 3504 con-

159 3523 302 3593 tineatur
326 3521 360 3591 in
383 3523 447 3592 illis
469 3524 588 3596 verbis:
608 3527 753 3616 precipue
771 3545 874 3596 autem
890 3525 1031 3614 periculo-

917 3613 989 3700 sum
