3192 4592
337 459 880 619 ltl'rpn.Mamr.Derrourr.l¹.I.
949 535 1008 604 ¹43

191 645 277 732 quod
288 644 337 714 'est
360 644 446 714 idem
462 668 497 715 ae
519 645 650 732 dicere,
662 644 818 734 obligatio
839 642 979 732 eligendi
996 661 1054 714 mo

189 734 269 816 lias,
290 750 345 802 aut
361 733 483 801 tutius.
505 735 553 801 At
570 733 635 803 haec
652 732 808 822 obligatio
824 755 877 820 per
898 731 929 800 se
951 757 1052 822 neque

193 819 256 900 est,
278 843 380 906 neque
401 818 459 888 elle
481 819 611 906 potest(
647 824 687 903 ).
937 865 938 872 κ
1048 851 1051 860 ·
1094 814 1225 900 (a)per

196 963 199 970 .
238 929 265 993 ς.
289 906 434 990 Deinde,
456 925 492 976 ut
508 907 598 995 polsrt
620 906 685 978 haec
702 907 881 996 ignorantia
903 905 965 974 line
983 931 1054 993 pec·
1101 904 1164 969 Ax·
1175 904 1204 967 8·

186 1009 263 1060 cato
285 993 372 1062 vinci
404 1016 457 1078 pet
478 993 669 1064 eleeiionem
703 994 799 1082 partis
832 991 1052 1080 probabilioris

186 1073 327 1148 faventis
350 1079 509 1163 libertati,
530 1105 595 1148 non
617 1081 710 1150 debet
728 1081 787 1150 elle
809 1079 964 1168 obligatio
983 1080 1054 1147 vin·-

186 1167 281 1234 ceudi
305 1191 366 1253 per
381 1167 598 1238 redudiionem
627 1169 665 1235 ad
688 1169 822 1240 dubium
847 1169 1051 1255 'pradlicum,

185 1252 322 1340 ideoque
345 1279 398 1341 per
421 1253 612 1324 eletlionem
636 1254 731 1341 partis
757 1254 904 1324 tutioris.
928 1257 974 1323 At
993 1255 1053 1322 hu*

184 1339 321 1421 jusmodi
346 1341 523 1430 obligatio,
544 1339 598 1411 vel
622 1341 771 1431 utrinque
793 1341 854 1425 est,
877 1340 931 1410 vel
949 1341 1051 1410 utriu-

183 1449 250 1514 que
274 1451 337 1494 non
361 1429 420 1497 est.

234 1517 326 1583 Nam
348 1516 483 1601 primo(
496 1516 667 1600 Quomodo
689 1515 813 1586 nonest
828 1513 1005 1605 obligatio,
1025 1513 1048 1580 li

185 1602 258 1670 Lex
288 1601 435 1690 utrinque
459 1603 645 1690 supponitur
675 1605 835 1688 existent,
860 1605 893 1672 δι
911 1599 1051 1691 promul·'

184 1707 262 1775 gata
279 1690 371 1768 (b)?
394 1692 436 1758 Et
459 1693 618 1774 quomodo
634 1691 736 1777 est,sr
758 1715 825 1760 non
846 1690 1050 1779 supponitur,
1090 1685 1156 1768 (b)
1168 1701 1221 1773 per

186 1774 290 1842 modo
311 1775 398 1860 supra
420 1777 596 1861 explicato?
1098 1777 1166 1842 Cor.
1182 1796 1213 1858 4.

193 1895 198 1904 ·
234 1864 266 1923 6.
298 1859 424 1935 Deinde
455 1861 507 1929 vel
530 1863 574 1930 est
596 1862 688 1948 culpa
711 1865 908 1948 formatore
937 1865 1049 1952 sponte
1089 1866 1220 1951 Supp.4.

190 1945 401 2040 computrere
431 1947 571 2033 periculo
592 1949 746 2017 violanda
769 1951 889 2036 Legit,
919 1949 942 2016 sr
968 1949 1049 2018 forte

188 2032 294 2114 adest,
315 2031 442 2120 quando
457 2034 517 2100 hoc
535 2034 710 2119 periculum
731 2035 825 2102 facile
847 2035 1054 2122 vitaripotcst

187 2117 347 2189 elctlione
371 2120 469 2219 partia
488 2121 634 2204 tutioris,
657 2120 709 2188 vel
731 2145 796 2188 non
819 2121 861 2189 est
877 2121 969 2210 culpa
985 2123 1051 2206 sor-

189 2208 310 2275 malis.
349 2208 384 2274 Sr
407 2207 570 2292 primum:
604 2206 703 2295 igitur
725 2227 856 2293 peccant
880 2210 1053 2295 firrmaliter

188 2291 309 2362 etiam'
332 2293 612 2381 Probabilioristae,
642 2295 854 2382 ignorantiam
892 2295 1051 2365 vincendo

188 2403 247 2467 per
268 2378 457 2450 eledtionem
491 2383 585 2469 partis
616 2381 858 2469 probabilioris,
890 2407 963 2452 curu
986 2382 1051 2452 hare

189 2466 312 2555 pariter
327 2491 391 2536 non
409 2469 447 2538 fir
465 2469 617 2538 immunis
634 2470 725 2538 abeo
743 2469 903 2557 periculo;
926 2471 960 2538 dc
977 2469 1051 2537 ideo
1127 2497 1131 2507 ·

189 2564 296 2640 neque
320 2554 450 2637 illorum
465 2556 648 2644 ignorantia
664 2558 706 2625 'est
727 2556 860 2624 omnino
878 2555 1050 2626 invincibi-
1207 2569 1210 2576 '

189 2639 260 2726 lis,
281 2665 337 2712 eos
357 2643 499 2714 eximens
521 2668 540 2711 a
561 2662 691 2730 peccato
707 2643 855 2728 sirrmali.
886 2643 920 2712 Si
942 2645 1050 2716 secun·
1108 2677 1111 2684 Δ

188 2727 288 2796 dum:
312 2728 411 2817 igitur
426 2739 533 2818 'neque
556 2731 762 2800 Probabilillae
786 2751 916 2818 peccant
934 2731 1049 2817 sorma-
1280 2728 1284 2737 ⁶

187 2817 277 2899 liter,
300 2816 510 2904 ignorantiam
528 2817 688 2887 vincendo
703 2843 756 2906 per
777 2817 964 2888 eletrionem
981 2829 1050 2906 para¹
1090 2849 1096 2860 ·
1121 2853 1123 2861 v

189 2901 233 2970 tis
255 2904 362 2973 minus
379 2906 566 2993 probabilis,
586 2929 654 2994 quae
669 2903 829 2994 aqualiter
852 2907 996 2976 continet
1017 2905 1050 2974 id

192 2990 388 3076 periculum,
411 3016 447 3063 ac
469 2993 600 3092 proinde
618 2992 729 3062 etiam.
741 2993 855 3060 horum
871 2993 1051 3080 ignorantia

191 3075 235 3140 est
256 3079 392 3146 omnino
414 3078 632 3164 invincibilia,
654 3097 707 3149 eos
730 3080 845 3167 pariter
867 3081 1008 3154 eximens
1031 3103 1051 3150 a
1091 3141 1094 3150 ,

192 3183 321 3243 peccato
332 3166 480 3250 formali.
502 3167 661 3251 Quocirca
686 3167 887 3258 vel-utriquc
909 3167 1051 3254 obligan⁴

193 3261 247 3342 tur
269 3250 298 3318 se
321 3253 469 3323 reducere
488 3255 532 3322 ad
556 3254 687 3323 dubium
709 3255 915 3342 matricum,
945 3257 980 3322 δι
1005 3254 1050 3322 ira
1208 3305 1224 3320 .,

192 3327 306 3415 θῙῑὸθῐθ
321 3361 442 3424 partem
458 3341 631 3424 tutiorem,
649 3341 701 3410 vel
719 3341 954 3422 neutri;&s1c
976 3341 1051 3410 utri*
1163 3385 1175 3400 υ
1204 3375 1214 3428 .ss

192 3439 254 3514 <lup
277 3419 339 3491 line
369 3449 498 3512 peccato
515 3430 553 3496 ‘se
569 3429 709 3515 poliunt
739 3429 779 3499 ad
811 3447 963 3515 partem,
993 3426 1049 3496 vel
1089 3457 1134 3470 ·

190 3525 301 3657 annus
323 3514 539 3598 probabilem,
561 3515 615 3584 vel
637 3515 880 3604 probabiliorem
899 3513 1046 3584 libertati
1126 3575 1130 3584 .

88 3610 91 3727 p
225 3611 356 3692 ventem
379 3597 604 3674 determinate.
919 3686 921 3690 Ι
962 3691 988 3758 E

88 3742 91 3756 ,
240 3708 245 3719 ·
989 3712 1010 3758 x

89 3760 93 3795 l
