3192 4592
575 489 641 576 256
723 470 1220 554 Pitosasrcrsnus

533 620 657 708 Regula
672 616 709 684 de
718 615 878 702 honestate
895 611 1108 700 operationis,
1130 612 1226 680 itaut
1244 633 1310 678 non
1332 609 1404 698 pos*

533 707 570 775 fit
601 701 788 790 fine3cupa
812 701 842 771 se
875 699 1011 768 aliorum
1038 700 1215 770 Dodlorum
1244 697 1401 788 opinioni

534 793 641 862 minus
669 787 822 876 probabili
856 787 911 856 fibi
944 787 1044 867 visae,
1077 805 1230 876 tanquam
1266 786 1407 876 boncstae

534 877 730 968 operationis
754 875 904 966 Regula,
926 872 1144 945 conformare.
1324 901 1326 908 ·

622 1015 990 1138 Qunrrrorvrr
1025 1047 1318 1118 Auatrrrs.

544 1227 807 1398 PRopoprrn
827 1221 953 1312 quaestio
975 1222 1173 1293 commodius
1190 1221 1224 1290 in
1249 1219 1332 1290 bane
1350 1246 1410 1310 ge-

632 1310 775 1388 neralem
799 1309 1019 1402 transformari
1046 1311 1162 1400 potest.

614 1493 670 1558 An
688 1506 838 1557 merrus
857 1507 917 1556 srr
936 1485 1209 1566 Pnounarcrsnr
1227 1507 1336 1557 usus.

625 1660 768 1746 Utique
785 1659 860 1730 duas
870 1680 974 1746 partes
984 1658 1117 1744 babeat,
1133 1661 1281 1730 oriuntur
1296 1658 1405 1748 primo

645 1745 808 1839 generales
832 1747 1015 1847 quaestiones
1041 1749 1130 1820 duae.

608 1841 636 1908 1.
659 1839 715 1906 Au
740 1834 777 1904 fit
797 1831 904 1920 licitus
919 1834 955 1902 in
973 1833 1135 1921 aqualiter
1158 1832 1388 1922 probabilibus.

586 1926 637 1995 ΙΙ.
656 1926 709 1992 An
725 1921 826 1993 etiam
844 1921 879 1990 in
896 1920 1111 2008 inaequaliter,
1127 1945 1241 2010 nempe
1261 1921 1413 1990 iuminus

542 2010 722 2101 probabili,
746 2009 781 2078 ἃ
811 2007 1035 2095 probabiliori.

546 2163 551 2170 .
587 2085 798 2169 Probabilistae
837 2095 1018 2166 existimant
1053 2116 1226 2168 utrumne
1257 2095 1413 2178 licitum,

543 2185 801 2266 Probabiliorillae
816 2181 986 2252 illicitum.
1011 2184 1151 2272 Utrique
1164 2121 1230 2252 luis
1245 2206 1415 2282 argumen·
1519 2239 1520 2260 ,

545 2274 587 2348 tis
611 2273 841 2359 remprobant:
867 2269 992 2358 utrique
1009 2272 1144 2341 vicilsrm
1169 2291 1329 2341 contraria
1354 2270 1414 2339 sol⁴

544 2380 651 2431 vunt.
985 2427 988 2436 ,

588 2450 791 2535 Argumenta
817 2443 1093 2516 Probabilistarum
1117 2447 1159 2516 ad
1186 2446 1331 2532 suprema
1356 2470 1414 2512 ea·

546 2533 632 2623 pita,
648 2536 683 2603 &
699 2534 734 2616 in
751 2533 976 2686 compendium
996 2535 1117 2604 redalla
1134 2532 1310 2616 hujusmodi
1320 2531 1412 2600 lunt.

594 2645 622 2686 1.
647 2620 732 2706 Quia
761 2618 898 2687 Eecefia
927 2619 1189 2691 Probabililmum
1224 2619 1347 2702 sciens,
1381 2620 1416 2688 δι

546 2706 680 2864 prudens
700 2706 885 2793 permittit,
905 2725 999 2794 atque
1024 2707 1096 2779 ideo
1119 2708 1268 2798 approbat
1287 2705 1417 2793 permis-

573 2819 630 2864 ve.

592 2904 622 2950 2.
639 2878 725 2967 Quia
741 2879 896 2950 Dotlores
912 2881 979 2950 anti
1003 2881 1036 2950 ui
1053 2880 1182 2954 licitum
1203 2882 1418 2965 asseruerunt,

473 3041 476 3044 ,
549 2967 585 3038 δι
607 2966 753 3056 exemplo
777 2969 816 3045 ad
845 2968 967 3056 praxim
982 2907 1083 3042 licite
1115 2971 1222 3042 reduci
1253 2967 1334 3058 polle
1363 2971 1418 3040 de-

551 3057 782 3131 monstrarunt.

596 3167 626 3234 3.
648 3144 740 3244 Quia,
748 3141 803 3243 qui
814 3141 906 3214 illum
917 3143 1055 3232 sequitur
1064 3145 1233 3234 prudenter
1252 3163 1419 3236 operatur.

593 3253 626 3314 4
650 3235 736 3318 Quia
752 3229 839 3300 illius
857 3232 927 3300 ulus
944 3233 986 3300 est
1003 3233 1123 3304 securus
1141 3235 1174 3302 in
1197 3233 1412 3306 conscientia.
1520 3257 1521 3264 ¹

597 3343 627 3474 p).
650 3319 737 3406 Quia
756 3341 795 3388 ex
813 3320 960 3418 praecepti
977 3319 1233 3406 incertitudine,
1255 3322 1416 3403 cujusmo-
1447 3352 1451 3363 ·

455 3415 460 3422 '
552 3405 587 3476 di
622 3402 1036 3506 tubabililmocoutrnetur,
1053 3432 1118 3478 non
1134 3407 1419 3498 oriturobligatio.
1454 3435 1469 3493 χ

598 3498 639 3592 ό..
655 3497 741 3582 qut
763 3492 989 3582 consequenter
1014 3495 1125 3566 delicit
1150 3495 1316 3567 existentia
1348 3517 1423 3584 prae·
1469 3517 1472 3526 ’

554 3599 660 3671 cepti.
721 3639 725 3650 ,
757 3656 761 3664 ,

1252 3685 1284 3756 7.
1293 3666 1375 3756 Quia
