3192 4592
297 457 867 534 Minima-momoniali
913 481 974 545 309

151 625 214 690 que
236 620 348 668 omnes
372 594 511 680 praelatas
537 593 708 663 sententias
734 591 908 676 admittit,
940 593 1017 660 dum

151 691 307 769 affirmat,
328 683 505 774 quamlibet
529 683 600 751 latis
623 681 703 749 bene
728 679 870 750 sustineri
897 680 995 764 polle.

195 779 304 862 Atque
335 794 374 842 ex
400 770 449 836 ltis
477 774 517 836 D.
545 773 719 838 Bonavent.
748 765 902 851 exemplis
925 765 1015 834 simul

150 887 225 931 cum
243 856 397 947 exemplis
417 860 459 921 D.
481 856 638 940 Thomae,
656 855 761 923 multo
780 855 898 940 magia,
917 854 1018 921 ctiam

149 950 302 1018 ficaetera
319 945 511 1025 deficerent,
535 943 757 1012 Controversia
773 941 811 1008 de
833 941 924 1008 licito
944 941 1018 1008 Pro-

150 1036 310 1105 babilil'mi
336 1034 392 1101 ulu
417 1030 663 1100 demonstrative
689 1030 831 1100 conletla
859 1029 917 1096 ell.
942 1030 1020 1096 Ete-

150 1123 221 1190 nim
254 1123 381 1189 istotum
415 1118 549 1186 duorum
591 1121 767 1187 Dotlotutn
803 1117 954 1185 Dotlrina
979 1117 1028 1184 ab¹

149 1208 286 1279 Ecclesia
306 1206 476 1296 approbata
497 1206 540 1274 est
558 1208 621 1292 (a)
641 1232 656 1273 .·
932 1221 936 1228 ·
1056 1208 1120 1361 (Sa)
1133 1223 1185 1292 per

1063 1314 1184 1380 ‘up.21,

421 1380 569 1469 Exempla
589 1408 627 1450 ex
647 1385 750 1454 Scato.
797 1390 801 1397 '
1059 1386 1109 1450 28.
1122 1397 1155 1467 p.

151 1558 238 1716 IN
260 1581 291 1643 4.
310 1557 390 1626 Dist.
409 1579 459 1645 33.
475 1560 578 1645 quaest.
609 1581 636 1646 3.
662 1562 767 1627 Utrum
790 1559 822 1624 in
845 1560 921 1646 Lege
944 1554 1017 1622 Mo·

207 1650 293 1729 suita
313 1646 408 1728 suerit
429 1647 548 1712 licitum
573 1649 724 1734 repudiate
746 1649 870 1714 Uxorem
889 1646 1023 1712 «Duas'

149 1729 327 1798 sententias
345 1733 461 1811 affert,
484 1752 653 1816 negantem
677 1757 732 1818 pto
754 1733 822 1818 lege
839 1751 856 1814 ,’
873 1734 905 1799 δι
938 1732 1018 1798 affin
1068 1731 1167 1813 Juxta

148 1836 293 1885 mantem
304 1838 359 1900 pro
368 1815 532 1882 libertate.
553 1818 645 1883 Ponit
655 1819 792 1885 rationes
804 1841 856 1904 pto
867 1837 996 1903 utraque
1006 1827 1022 1901 ,'
1057 1823 1138 1884 Can.
1158 1839 1186 1884 2.

150 1907 185 1973 &
208 1902 366 1988 utriusque
389 1900 526 1968 tationes
549 1901 662 1968 soluit.
686 1903 727 1968 Et
749 1905 894 1988 quamvis
913 1906 1020 1972 uitlea-
1057 1907 1106 1974 vel
1119 1929 1169 1992 3.‘

150 2012 207 2059 tur
230 1989 385 2056 inclinate
414 1987 448 2054 in
474 2005 596 2073 partem
622 2011 676 2073 pro
700 1987 873 2068 libettate',
895 1989 928 2056 ἃ
945 1991 1018 2074 quia

151 2095 262 2164 ptaetet
282 2076 420 2144 tationes
440 2097 628 2142 communes
645 2076 774 2160 assignat
793 2074 926 2144 moduni
942 2097 1018 2142 con·
1095 2155 1098 2164 1

150 2164 373 2247 uenientem,
412 2185 478 2250 quo
508 2161 647 2228 sustineri
681 2163 806 2248 potest,
837 2159 1021 2228 adducendo

154 2273 271 2335 nempe
295 2268 479 2336 argumenta
506 2273 562 2332 pro
585 2247 814 2330 dispensatione
840 2246 962 2316 Div'i'na
979 2247 1018 2314 ad
1113 2241 1117 2252 '

150 2335 318 2424 repudium
336 2359 347 2417 3
377 2342 481 2415 (nam
498 2335 569 2404 ait.
600 2334 714 2423 Moclus
735 2335 935 2420 convenient,
960 2348 1021 2425 quo

147 2424 245 2513 opinio
261 2420 317 2506 ista
331 2426 423 2488 teneti
433 2419 541 2511 polet,
563 2415 690 2504 eslt'lle,
703 2423 770 2491 &a
794 2421 927 2491 Etinlra
938 2431 951 2488 ζ’
969 2424 1021 2504 Sic

148 2536 214 2598 ergo
234 2509 327 2598 poffet
350 2511 435 2592 dici,
466 2510 545 2596 'quod
562 2506 641 2590 ficut
666 2509 751 2576 Deus
775 2509 960 2598 dispenfhvit
984 2510 1017 2574 iu

149 2599 299 2687 Bigamia
316 2615 433 2685 propter
458 2597 559 2679 majus
582 2595 708 2678 bonum,
720 2596 770 2663 'ita
784 2622 850 2664 cum
867 2595 923 2680 isla
937 2598 1022 2674 Gen·

148 2706 179 2752 te
205 2686 238 2750 in
264 2684 384 2771 repudio
401 2703 517 2771 propter
538 2682 775 2765 majus'timlum
798 2685 1019 2766 vitandam)

148 2773 183 2839 &
205 2771 280 2858 quia
296 2769 372 2837 hnic
389 2769 560 2837 affirmanti
578 2768 699 2837 diutius
719 2770 862 2851 inhaelit3
888 2789 1017 2856 propter

147 2857 231 2945 quod
248 2856 433 2926 Scholiastes
452 2856 484 2924 in
513 2880 540 2922 z.
563 2856 694 2924 Scholio
711 2857 790 2928 dicit
810 2907 819 2942 ‚
844 2860 1017 2926 Debborem

151 2945 232 3012 hanc
257 2961 379 3031 partem
398 2941 537 3012 libertati
556 2942 717 3011 faventem
741 2964 867 3014 tenere:
892 2947 1021 3010 Tamen

151 3030 223 3116 quia
248 3031 280 3097 in
308 3028 392 3099 calce
416 3031 479 3099 ait.
502 3030 569 3114 Qui
592 3033 660 3096 vult
686 3049 780 3096 tenere
809 3033 936 3118 primam
961 3031 1022 3114 opi⁴

153 3119 268 3182 ationem
284 3165 295 3199 ‚
309 3152 312 3159 ·
324 3119 365 3182 ad
381 3138 565 3205 argumenta
588 3118 623 3182 in
646 3113 803 3202 oppofitum
830 3113 923 3204 potest
934 3115 1021 3201 saci-

153 3205 223 3267 liter
250 3205 444 3288 respondam
474 3202 590 3270 latetur
606 3233 610 3247 ·
629 3202 813 3270 Seholialles
845 3202 930 3269 idem
963 3201 1021 3268 ibi-

154 3289 246 3368 dem,
270 3291 442 3359 Dotlotem
461 3288 724 3378 problematicum
743 3289 803 3357 else
816 3311 825 3366 3
838 3292 1021 3357 Commena

154 3393 240 3442 tator
261 3397 336 3442 veto
360 3380 513 3456 affirmat,
536 3394 706 3464 negantem
733 3401 791 3462 pto
817 3375 883 3464 lege
903 3375 1021 3444 tenuis-

154 3463 184 3528 st
207 3478 355 3544 tanquam
380 3463 642 3548 probabiliorem,
663 3462 741 3531 'licet
761 3463 930 3550 affirmanti
949 3462 1023 3528 ¹diu-

154 3547 218 3618 tiua
245 3544 533 3619 inbaelerit.‘Nam
545 3550 603 3706 xalit
620 3579 636 3633 ,s
651 3564 716 3618 'noa
741 3545 814 3620 ideo
836 3551 867 3620 id
894 3547 1014 3648 fenile,

612 3661 628 3724 3
896 3657 971 3727 quta

1111 3680 1122 3760 l
