3192 4592
572 466 635 548 276
725 463 1243 538 Proparrnrsurus
1512 133 1518 519 l

591 591 712 662 Schola
733 610 844 660 autern
862 590 994 659 nomine
1012 587 1206 657 diversarum
1222 583 1425 662 Scholarunr
1512 628 1516 665 ι

546 679 737 767 Principes,
758 701 943 766 eorumque·
958 673 1049 745 simul
1073 671 1238 774 sedlatores
1261 671 1433 768 intelligia

465 818 468 823 ,
547 789 651 836 mus.
684 769 826 852 Quinam
848 788 957 835 autem
988 765 1022 832 hi
1046 762 1205 848 Princrpes
1228 759 1317 846 smt,
1340 767 1434 836 Prae·

546 852 728 922 monitione
757 857 858 924 tertia
885 853 984 928 Partis
1012 852 1131 939 ptimae.
1152 849 1320 918 diximus.
1358 854 1432 924 Sed
1486 931 1489 938 ‚

547 939 740 1009 utiliorum
760 941 918 1009 meritum
942 941 1042 1026 magis
1088 938 1303 1025 ognoscatur,
1323 941 1359 1009 δι
1383 940 1430 1008 ad
1513 988 1517 1009 .

550 1027 723 1096 ῑεᾶοῐυιη
746 1027 949 1112 utilitatem,
972 1027 1035 1094 toti
1072 1029 1132 1112 'que
1155 1025 1271 1112 Operis
1294 1025 1435 1096 illustra·-
1516 1089 1517 1112 ἶ

550 1115 706 1197 tionem,
737 1115 856 1202 praestat
879 1117 1009 1183 brevem
1065 1111 1213 1179 uamdam
1236 1111 1435 1202 historiam,
1514 1112 1517 1128 '

551 1222 626 1273 tum
651 1225 780 1285 eorum,
804 1222 876 1271 tum
893 1200 1034 1270 aliorum
1058 1201 1255 1282 Dodoru'm,
1278 1225 1358 1288 quos
1376 1201 1434 1272 iis·
1462 1277 1466 1286 ,

552 1289 629 1357 dem
653 1289 845 1374 adjecimus,
868 1288 1083 1377 praemittere,
1105 1286 1184 1356 ficut
1198 1287 1334 1356 ibidem
1361 1290 1445 1377 pol*¹

554 1375 642 1446 liciti
666 1377 789 1449 sumus.
918 1443 925 1450 ,
1026 1459 1027 1464 ¹
1200 1437 1204 1442 .

601 1486 628 1529 r.
654 1464 777 1532 Primus
803 1460 903 1552 igitur
923 1481 1070 1552 tempore
1087 1460 1129 1532 est
1151 1463 1184 1530 S.
1201 1461 1436 1548 Raymundus.

555 1549 621 1618 Hic
645 1545 706 1619 fuit
729 1575 768 1618 ex
790 1553 912 1622 Ordine
935 1552 1198 1635 Praedicatorum,
1221 1551 1282 1617 Vir
1298 1551 1432 1640 doside,

556 1637 591 1706 δι
607 1638 746 1712 lansius.
768 1642 879 1710 Natus
896 1637 939 1707 est
961 1663 1045 1707 anno
1074 1660 1195 1728 1205.,
1216 1637 1286 1706 vita
1303 1636 1430 1726 sunc'rus
1463 1678 1467 1686 ·

554 1723 647 1796 valde
675 1725 768 1796 senex
806 1750 928 1814 1295..
961 1725 1085 1796 Primus
1116 1725 1328 1812 composuisse
1347 1724 1435 1796 dici-

556 1829 610 1881 tur
633 1833 705 1882 canr
727 1817 896 1882 Summam
919 1813 957 1882 de
983 1813 1150 1898 Moribus,
1170 1836 1239 1912 quae
1263 1813 1327 1896 jam
1353 1831 1434 1884 nota

555 1902 628 1970 cst:
660 1901 699 1969 de
724 1923 786 1988 qua
822 1900 1146 1972 SummarClemens
1178 1900 1242 1988 ipse
1267 1902 1373 1968 VIII.
1396 1901 1435 1970 in

555 1987 649 2058 Bulla
672 1988 964 2059 CanonIzationis:
996 1989 1139 2056 Romana
1154 1988 1311 2056 catholica
1330 1987 1431 2055 Ercle-

551 2073 601 2162 fia
628 2080 719 2144 1601.
744 2076 812 2147 haec
829 2075 943 2145 haber.
966 2075 1144 2166 Conscrr’pfit
1161 2077 1254 2143 eriam
1271 2078 1433 2144 Summam

557 2163 696 2249 Casuum
711 2165 925 2249 Conscientr'ae,
950 2164 1006 2250 qui
1021 2163 1119 2247 solent
1136 2164 1169 2230 in
1186 2168 1216 2230 F
1215 2189 1260 2230 oro
1277 2165 1438 2252 Puniten«

558 2251 606 2318 tia
624 2251 795 2351 frequenter
818 2276 974 2333 occurrere,
996 2275 1109 2338 magne
1134 2251 1309 2332 DusIrinc,
1339 2271 1435 2340 atque

558 2339 771 2422 authoritatis,
792 2337 836 2408 O
853 2357 918 2406 tam
933 2338 1028 2424 Conse
1053 2340 1145 2422 ariis,
1169 2361 1260 2426 quam-
1277 2339 1439 2406 Puniceu-

560 2424 642 2496 ribo
656 2427 748 2501 valde
763 2429 885 2509 utilem,
900 2424 944 2496 O*
960 2449 1026 2494 nece
1050 2429 1164 2495 ariam.
1183 2427 1276 2494 Hanc
1293 2424 1438 2494 animad-

560 2513 755 2585 versionibus
780 2511 949 2584 illustravit
975 2515 1009 2582 f.
1028 2513 1246 2596 Wilhelmus,
1269 2512 1323 2582 seu
1341 2513 1439 2583 Guil-

562 2599 678 2672 Ielnrus
700 2599 918 2672 Rhedonenfis
944 2598 1059 2670 Gallus
1088 2601 1220 2671 Ordinis
1247 2601 1434 2670 Praedicato-

560 2686 653 2772 rum,
673 2687 730 2776 qui
752 2688 888 2759 floruisse
914 2687 1099 2790 perhibetur
1124 2709 1200 2760 anre
1225 2687 1435 2757 medietatem

560 2773 676 2850 Securi
693 2773 813 2843 decimi
831 2776 924 2846 tertir
951 2823 959 2843 .
985 2775 1103 2861 Vide,
1125 2775 1147 2843 fi
1172 2777 1288 2857 lubet,
1314 2772 1439 2871 Editio·

560 2887 639 2936 nem
665 2861 758 2946 huius
787 2865 928 2934 Summa
950 2861 1169 2932 Veronensem
1204 2881 1294 2942 1744.
1324 2859 1435 2932 Edidit
1518 2899 1520 2910 ·

561 2951 664 3022 etiam
692 2950 925 3021 Dente-talium.
952 2947 1188 3019 Colleslionem
1208 2945 1285 3030 jussu
1303 2946 1437 3042 ‘Grego-

563 3039 604 3140 rii
632 3041 694 3110 IX.
704 3037 826 3123 ,leuius
848 3035 911 3108 suit
934 3035 1145 3126 Capelianus,
1167 3035 1201 3107 δι
1224 3033 1439 3104 Poemtentia-

561 3149 648 3200 trus.
1311 3167 1314 3170 -
1413 3153 1417 3160 ·

609 3234 640 3281 a.
665 3213 701 3281 Β.
712 3213 912 3286 AlbertusM
952 3235 1010 3283 nus
1026 3211 1157 3286 Ordinis
1173 3207 1435 3282 Praedieatorum.

564 3301 643 3370 Fuit
661 3299 851 3389 Theologiae
870 3304 929 3372 Pro
944 3302 1022 3372 esset
1044 3301 1183 3389 primum
1192 3295 1365 3397 Colonia,
1380 3297 1430 3396 ubi

566 3387 761 3464 Auditorem
777 3388 890 3460 habuit
908 3384 1275 3469 D.‘rh0mam,de1nde
1299 3382 1435 3468 Parrfirs,
1519 3389 1520 3414 ¹

566 3473 720 3563 Magister
740 3477 828 3544 Sacri
856 3473 998 3557 Palatii,
1031 3473 1257 3560 &Episcopus
1290 3470 1434 3558 Ratispo·

572 3559 702 3636 nensis.
734 3561 797 3633 Vir
824 3561 1017 3638 doffiffimus
1041 3561 1075 3629 in
1100 3560 1244 3650 qualibet
1268 3555 1438 3656 facultate,
1519 3615 1520 3618 ,

1348 3659 1393 3714 tta
