3192 4592
566 444 610 518 60
677 441 1219 524 tantumtantum:

521 574 679 730 probitate
700 570 833 654 alicuius
848 570 986 641 attioris
1006 572 1177 659 tripliciter
1198 575 1233 642 in
1249 574 1387 647 univer·

419 692 420 696 ’
536 684 590 750 um
611 658 700 728 vinci
726 658 847 812 potest,
876 682 902 725 t.
920 683 975 745 per
990 678 1111 728 certam
1135 661 1302 748 scientiam
1325 665 1387 732 im·

519 745 684 835 probitatis
717 743 830 829 ilius,
863 742 887 812 fi
918 769 954 814 ea
986 745 1093 816 haberi
1119 749 1217 832 potest
1240 800 1250 833 ¹.
1288 750 1384 838 Quod

519 832 700 921 contingit,
715 857 808 903 acum⁴
822 855 896 902 vere
914 832 995 900 adest
1012 832 1185 920 prohibitio
1207 834 1294 905 illius
1309 861 1385 924 ope·

519 919 676 1012 rationis²
707 944 773 1006 quae
795 939 906 1007 tamen
935 920 973 987 ab
1003 923 1163 1008 Operant'e
1188 922 1383 1011 ignoratur.

518 1007 571 1078 Sic
594 1007 648 1107 qui
671 1029 713 1107 ex
737 1005 915 1095 ignorantia
932 1011 1045 1076 'certae¹
1059 1007 1195 1076 malitiae
1214 1031 1317 1079 eruca.
1341 1011 1380 1079 de

518 1095 744 1165 Fornicatrone
768 1094 955 1180 suspicatur,
977 1090 1031 1162 vel
1057 1093 1182 1164 dubitat
1206 1096 1297 1175 siro,
1319 1093 1381 1164 sor·
1486 1141 1489 1147 ·

518 1182 730 1252 nicationem'
743 1182 803 1250 esse
824 1178 973 1264 malam,
1005 1179 1104 1266 potest
1129 1181 1209 1250 hanc
1240 1180 1384 1269 ignoran-

518 1267 600 1340 tiam
625 1267 751 1337 vincere
787 1291 842 1354 per
876 1285 995 1335 certam
1026 1267 1179 1334 notitiam
1208 1268 1381 1351 veritatis,

518 1355 710 1428 consulendo
735 1355 863 1436 Libros,
884 1354 938 1420 vel
961 1354 1132 1435 Duriores,
1153 1353 1381 1438 autl'alloresa

482 1461 485 1467 ·
516 1443 668 1529 aquibus
684 1441 809 1510 hauriet
831 1457 951 1509 certam
972 1438 1169 1527 pravitatem
1188 1440 1381 1526 operationis

515 1527 621 1600 illiue.
646 1551 675 1595 2.
701 1525 968 1596 Perelesiiouem
989 1524 1150 1611 opinionis
1181 1531 1252 1607 (an
1272 1527 1380 1596 minus

513 1613 702 1705 probabilis,
723 1637 762 1681 an
773 1611 1008 1700 probabilioris,
1024 1635 1108 1682 nunc
1129 1610 1213 1684 nihil
1239 1614 1379 1698 attinet,

515 1701 647 1790 numid
678 1701 774 1768 modo
795 1698 901 1768 solum
931 1698 966 1766 in
995 1697 1178 1785 exemplum
1208 1699 1382 1783 sumatur)

513 1788 553 1857 de
575 1785 753 1870 honestate}
775 1785 828 1855 seu
845 1784 988 1854 bonitate
1005 1783 1138 1857 aetionis
1154 1784 1259 1854 illiut.
1283 1786 1379 1871 Quod

515 1872 680 1960 'contingit
696 1895 711 1955 ‚·
729 1897 803 1942 cum
825 1873 863 1940 de
886 1871 954 1952 ejus
967 1870 1139 1954 ·maliria.‚.
1152 1871 1204 1941 vel
1236 1872 1380 1943 bonitate

515 1961 586 2029 sunt
610 1959 775 2029 contraria
796 1956 986 2044 opiniones,
1008 1955 1287 2044 (equalitersuel
1305 1960 1380 2030 inae-

513 2045 651 2136 qualiter
661 2043 852 2132 probabiles,
874 2067 959 2111 nunc
977 2066 1041 2111 nou
1062 2041 1197 2126 refert),
1219 2063 1381 2133 propterea

513 2133 587 2222 quia
609 2133 674 2215 ejus
696 2150 781 2204 certa
805 2128 980 2218 prohibitio
1002 2154 1065 2202 nun
1087 2131 1268 2217 reperitur.
1302 2135 1377 2203 Hoc

513 2221 604 2310 paslo
632 2219 687 2306 qui
711 2241 750 2288 ex
780 2217 959 2305 ignorantia
984 2214 1163 2303 suspiratur.
1179 2217 1241 2288 &o
1265 2244 1297 2287 v.
1319 2243 1379 2319 5.,

512 2305 683 2375 Elestuarii
702 2304 919 2390 sumptionem
935 2303 970 2370 in
989 2303 1044 2373 die
1064 2303 1174 2385 jejunii
1197 2303 1257 2375 esse
1273 2303 1378 2376 ,iihei-

512 2409 599 2474 tam‚
631 2393 793 2479 postquam
815 2390 855 2460 de
877 2390 938 2457 hoc
955 2387 1134 2489 ,diligenter
1156 2391 1377 2479 inquirendo,

397 2546 400 2551 .
512 2479 673 2580 ognovit.
689 2477 748 2548 else
772 2475 941 2546 contrarias
955 2500 1147 2576 ‘oprnrones9
1163 2478 1270 2576 potest
1293 2475 1375 2549 hanc

511 2565 724 2656 ignorantiam
750 2566 877 2632 uincere
908 2559 1057 2650 eligendo
1082 2587 1269 2646 opturonem
1300 2568 1376 2646 (an

509 2650 725 2741 probabilem,
747 2647 1150 2734 anprobabiliorem‚nunc
1166 2652 1205 2721 ad
1226 2675 1377 2722 remnon

510 2739 583 2818 cll)
595 2761 662 2824 quae
672 2761 742 2808 eam
760 2735 974 2824 sumptionem
983 2735 1093 2806 statuit
1103 2736 1226 2808 licitam
1245 2790 1254 2808 .
1278 2738 1376 2826 3.Per

511 2825 728 2894 redutiionem
752 2825 790 2896 aa
811 2824 944 2894 dubium
964 2824 1155 2910 porticum,
1177 2825 1289 2913 inquo

510 2911 615 2981 tutior
636 2910 858 2999 eligendus,
882 2911 968 2982 utin
990 2912 1172 2980 Axiomatis
1194 2934 1304 3008 appare
1326 2909 1373 2978 it.

460 3013 470 3021 “
512 2999 566 3068 Ita
583 2995 897 3086 inexemploallato‚
913 2997 967 3084 qui
976 2998 1143 3086 suspicatur
1151 2998 1213 3066 &o
1230 3021 1269 3066 ex
1284 3019 1374 3082 igno-
1479 3045 1482 3052 .

512 3085 634 3168 tantia,
657 3084 810 3156 illicitam
827 3085 997 3156 Eleuuarii
1020 3085 1251 3170 sumptionem,
1273 3082 1373 3168 potest

512 3175 591 3240 eam
615 3171 832 3260 ignorantiam
865 3172 995 3242 vincere
1026 3168 1243 3242 constituendo
1273 3167 1303 3236 se
1336 3169 1373 3237 in

512 3256 610 3326 dubio
633 3259 796 3346 prailico,¹
828 3259 960 3345 ideoque
982 3281 1035 3344 per
1063 3255 1253 3324 eleslionem
1275 3254 1373 3341 partis

511 3343 643 3414 tutioris
665 3347 704 3414 ab
725 3370 762 3416 ea
784 3345 967 3432 sumptione
988 3343 1154 3410 abstinere.

553 3453 585 3514 4
610 3431 753 3517 Quando
767 3428 954 3519 Ignorantia
969 3428 1164 3496 invincibilis
1187 3428 1230 3499 est
1253 3433 1369 3518 impra-

509 3517 579 3604 vafia
594 3521 854 3608 Opermsneque
868 3515 987 3606 potest,
1007 3537 1110 3604 neque
1121 3514 1283 3608 obligatur
1297 3540 1372 3591 eam

554 3649 557 3654 ·
1026 3652 1029 3661 ,
1236 3633 1271 3685 vr
1285 3633 1323 3679 n·
