3192 4592
611 527 674 610 308
764 521 1271 588 Pnoornrcrsntus

569 656 604 722 in
630 650 764 722 secundo
787 649 895 717 sensu.
921 649 970 716 De
995 646 1053 716 hac
1081 663 1246 734 negante,
1277 640 1453 732 quam'se⁴

569 741 679 828 quitur
704 738 774 806 ait.
798 735 842 802 Er
867 737 924 802 boo
943 733 1046 820 pofitio
1072 733 1113 816 est
1138 733 1366 818 rationabilior,
1399 732 1450 800 Ψ

564 828 719 913 securior,
750 825 793 890 (9¹
817 827 890 910 quio
913 824 1009 908 magis
1027 841 1079 908 per
1102 821 1196 908 ipsam
1221 818 1338 904 satisfit
1361 823 1454 886 Con*

565 912 718 1000 scientio.
746 915 857 996 Itaque
885 925 975 979 tenet
1004 907 1177 994 dispensare
1196 907 1278 994 polle
1295 908 1330 973 in
1348 909 1454 973 Voto

573 999 807 1086 dispensatione
834 1013 983 1081 accepta,
1006 1014 1040 1066 ut
1067 995 1109 1062 cll
1137 993 1221 1074 Juris
1244 993 1456 1076 declaratio,

574 1089 772 1171 affirmatque
799 1083 833 1152 in
859 1082 918 1150 hoc
943 1105 1053 1150 omnes
1069 1079 1279 1156 convenire.
1305 1081 1454 1148 Descen-

576 1176 654 1242 dens
679 1177 779 1259 pollea
805 1169 843 1239 ad
868 1167 1038 1254 peculiaria
1062 1173 1168 1251 Vota,
1192 1168 1226 1234 in
1249 1168 1369 1251 quibus'
1386 1165 1454 1236 dis·

578 1262 703 1348 pensare
729 1259 847 1347 poliat,
879 1257 1012 1323 affirmat
1036 1279 1160 1343 quoque
1184 1273 1336 1340 tanquam
1362 1277 1456 1322 com-

576 1349 718 1417 muniter
741 1343 1106 1428 admilsum‚dilpenlare
1125 1339 1204 1423 posse
1227 1343 1260 1406 in
1277 1343 1358 1409 omni
1365 1344 1456 1424 Voro,

576 1437 657 1522 quod
682 1436 803 1519 recipere
823 1429 915 1519 potell
941 1431 1197 1517 compensationem
1224 1430 1350 1496 melioris
1365 1430 1456 1510 boni,

572 1521 641 1604 live
656 1518 854 1607 fimpliciter,
871 1515 937 1598 five
958 1537 1011 1604 pro
1036 1521 1093 1584 loco
1120 1517 1162 1584 (9¹
1187 1533 1332 1601 tempore.
1368 1518 1455 1598 Quae
1512 1525 1513 1532 ’

577 1632 655 1676 vero
686 1606 744 1674 fint
773 1605 827 1672 ista
848 1607 960 1685 Vota,
982 1627 1050 1689 quat
1072 1599 1360 1692 compensationem
1386 1602 1458 1670 hu-

581 1692 717 1780 jusmodi
746 1693 882 1776 recipere
912 1689 1025 1776 pollint
1045 1738 1054 1774 ‚
1078 1692 1123 1758 ait
1155 1713 1219 1760 non
1242 1711 1351 1760 omnes
1371 1713 1453 1759 con-

578 1779 709 1853 venite.
735 1781 847 1864 Itaque
872 1778 928 1846 hac
952 1777 989 1844 de
1013 1801 1047 1846 re
1070 1798 1132 1848 tres
1150 1777 1321 1846 sententias
1341 1779 1453 1863 ponit..

582 1867 688 1946 Prima
706 1866 813 1952 estpro
832 1864 999 1947 libertate,
1016 1889 1132 1953 nempe
1150 1867 1207 1936 elle
1218 1868 1308 1932 Vota
1324 1865 1455 1948 ononida

583 1955 718 2039 ideoque
729 1955 762 2020 in
771 1949 920 2020 omnibus
930 1951 1209 2039 Votisdilpensare
1220 1952 1319 2041 polle.
1341 1955 1460 2021 Secun-

582 2038 754 2120 dolarcus
778 2036 1013 2125 aliquantulum
1041 2041 1135 2127 Legi,
1160 2063 1274 2125 nempe
1298 2063 1362 2107 non
1384 2041 1453 2126 pos·

585 2131 616 2196 se
640 2128 777 2214 recipere
805 2125 1099 2211 compensationem
1123 2126 1302 2206 hujusmodi
1319 2129 1451 2196 ,Votum

586 2213 770 2296 Callitatis‚
792 2211 872 2282 bene
898 2238 973 2283 vero
996 2213 1193 2284 omninialia
1220 2216 1310 2282 Vota
1328 2262 1350 2295 ‚.
1370 2215 1456 2282 ideo·

580 2325 644 2388 que
666 2299 748 2388 polle
770 2297 943 2386 dispensare
971 2301 1005 2370 in
1021 2302 1168 2371 omnibus
1187 2349 1197 2384 ,
1219 2319 1355 2386 excepto
1376 2300 1456 2368 illo.

584 2388 703 2461 Tertia
730 2386 832 2456 adhuc
856 2387 955 2474 tnagis
978 2387 1085 2456 favens
1103 2387 1194 2486 legi,
1217 2387 1457 2457 videlicetnon

584 2474 667 2562 polle
692 2472 836 2559 ‚recipere
870 2473 969 2542 talem
1001 2475 1293 2561 compeolationenr
1320 2474 1382 2543 tria
1407 2475 1459 2541 so·

583 2562 703 2629 lemnia
734 2565 821 2628 Vota
847 2559 1062 2646 paupertatis,
1086 2562 1270 2646 Castitatis,
1291 2562 1461 2632 Obedien-

583 2648 757 2729 tiae‚,bene
783 2669 858 2714 vero
884 2646 946 2725 alia
973 2650 1102 2732 omnia,
1125 2670 1218 2736 atque
1245 2650 1344 2732 ideo,
1367 2671 1457 2717 exce·
1516 2709 1517 2712 ,

583 2733 647 2822 ptis
670 2733 722 2802 his
745 2733 873 2815 tribus,
896 2735 977 2820 polle
1001 2737 1034 2803 in
1057 2736 1127 2804 aliis
1158 2737 1309 2808 omnibus¹
1333 2736 1460 2822 dispen-

518 2846 521 2852 ’
583 2821 666 2888 sare.
696 2811 803 2886 Pollea
832 2819 954 2890 subdit.
978 2827 1053 2908 Qun
1078 2821 1200 2907 istarum
1227 2827 1319 2890 trium
1346 2825 1462 2909 opinio*

583 2933 657 2975 num
672 2904 717 2990 fit
741 2909 856 2989 verior,
874 2909 971 2993 fateor
996 2938 1050 2978 me·
1068 2912 1192 2994 nescire,
1215 2911 1257 2978 (θ’
1277 2908 1359 2994 satis
1375 2936 1459 2996 quo-

585 2997 659 3064 liber
682 2993 774 3083 potest
798 2996 868 3062 bene
887 2997 1043 3082 sustineri,
1066 2999 1129 3066 ideo
1150 3001 1261 3066 nullam
1287 2993 1395 3083 offero.
1419 2999 1460 3064 Si

585 3084 778 3172 quis-tamen
812 3085 882 3150 volt
916 3088 989 3152 bano
1022 3087 1162 3152 ultimam
1194 3103 1369 3172 acceptare,
1400 3111 1458 3152 non

488 3194 492 3203 ’
585 3171 708 3236 occurrit
733 3170 760 3235 ei
783 3171 989 3241 inconveniens
1014 3170 1228 3258 manifestum,
1257 3191 1292 3239 ut
1316 3173 1460 3256 dicatur,

584 3256 660 3346 quia
677 3281 729 3322 nec
745 3255 776 3320 in
801 3260 898 3340 nullo,
914 3259 971 3342 sed
992 3260 1026 3325 in
1040 3263 1169 3345 quodam
1190 3259 1252 3343 fio,
1278 3257 1321 3326 (T
1338 3263 1371 3325 in
1385 3283 1461 3345 quo-

585 3345 659 3412 dam
684 3367 760 3408 noo.
784 3345 798 3424 (
819 3345 863 3410 En
891 3348 1050 3432 quomodo
1077 3347 1219 3416 universe
1244 3347 1400 3414 affirmare
1416 3346 1462 3412 es·

586 3431 618 3504 ie
642 3429 795 3514 sequenda
821 3432 1026 3514 probabiliora
1051 3431 1162 3512 facile,
1188 3431 1360 3502 incolabus
1382 3456 1460 3500 vero

587 3515 789 3597 difficilibus,
815 3517 892 3601 quid
917 3517 953 3584 fit
980 3518 1189 3602 probabilius,
1214 3520 1459 3600 determinare,

588 3623 625 3674 ut
651 3601 686 3670 in
710 3599 841 3669 Scholio
866 3605 960 3690 Supp.
978 3625 1008 3690 3.
1027 3603 1113 3687 dixi,
1136 3604 1266 3676 difficile
1283 3607 1342 3676 est.
1360 3609 1374 3683 )
1391 3605 1467 3671 Ita·

640 3759 646 3766 .
1347 3712 1407 3778 que
