3192 4592
591 520 656 588 354
700 499 953 567 Molonem
976 513 1028 564 un
1047 495 1327 570 suasionem

379 636 429 702 usr
449 634 511 703 sib.
613 627 675 697 Dii
689 625 824 696 meliora
840 625 918 713 piis.

368 747 398 808 3.
431 746 506 811 earg.
772 802 777 814 .
1006 717 1081 786 lude
1101 715 1165 801 est:
1274 769 1277 776 -

360 813 520 898 AEneid3.
548 840 647 860 --
662 800 831 872 melioribus
854 820 920 892 opta
941 804 1121 892 Auspiciis.
1142 805 1219 894 Lege
1239 805 1299 874 dili
1317 824 1421 890 enter,

545 897 635 984 plura
649 891 711 978 ipse
733 917 763 958 re
811 893 871 959 ies.
894 892 959 958 Sed
982 915 1076 958 namu
1093 891 1232 976 miraris,
1253 827 1361 978 obiero
1375 913 1421 974 ee,

549 983 585 1048 iu
606 981 661 1047 hae
684 1004 739 1063 eau
765 1003 785 1043 a
808 976 1127 1063 illuximianenfium‚
1157 1005 1194 1046 eu
1218 1006 1280 1081 qua
1303 967 1421 1049 ubila

550 1071 652 1135 omnia
674 1093 754 1134 nunc
771 1064 871 1151 flatui
897 1066 1079 1155 supendere,
1101 1091 1152 1132 nec
1176 1067 1267 1152 hujus
1284 1070 1361 1136 mihi
1374 1069 1422 1134 de·

546 1155 598 1243 fui
622 1184 638 1234 e
659 1157 815 1224 locutionis
832 1181 912 1223 exem
933 1155 1014 1223 lum?
1038 1155 1075 1220 Iu
1097 1155 1151 1222 illa
1173 1157 1281 1258 quippe
1296 1157 1421 1224 luculen-

427 1256 430 1264 '
551 1247 579 1312 si
604 1267 683 1327 suia,
705 1174 973 1330 &fucuudfiima
982 1241 1131 1326 sententia
1147 1242 1328 1329 Bagefenfis
1343 1248 1422 1312 Ceu-

551 1333 634 1402 cilii.
659 1333 797 1400 Inventa
815 1333 877 1416 est,
894 1330 1055 1419 inquiunt,
1073 1328 1160 1397 causa
1187 1331 1358 1410 salubrior,
1381 1354 1421 1398 ne

554 1445 609 1507 per
635 1420 750 1486 cunila
776 1419 920 1486 membra
951 1415 1094 1504 pestilens
1120 1416 1235 1502 irrepat
1259 1417 1365 1498 virus,
1387 1435 1424 1485 ut

553 1503 778 1592 compendioso
796 1504 905 1571 dolore
921 1522 1033 1572 natum
1051 1503 1176 1573 decidat
1186 1503 1318 1573 vulnus,
1338 1506 1424 1570 cem

539 1593 705 1681 secundum
728 1593 860 1676 regulam
877 1610 961 1658 tuam
971 1591 1119 1676 salubris,
1141 1617 1198 1658 non
1215 1593 1365 1675 salubrior
1378 1591 1424 1658 cli·

550 1707 610 1750 oere
625 1679 803 1746 debuerunt.
827 1678 935 1765 Neque
944 1681 1119 1746 enim-illud
1133 1680 1267 1764 salubre,
1286 1679 1423 1765 sed'per-

550 1767 690 1851 niciosum
711 1785 792 1847 erae,
815 1785 849 1831 ut
866 1784 919 1852 per
940 1767 1044 1836 cunila
1067 1767 1199 1831 membra
1250 1764 1359 1850 slilens
1374 1767 1424 1832 vi-

550 1881 600 1925 rus
620 1857 755 1940 irreperet
767 1899 782 1916 -.
812 1853 963 1919 salubrior
985 1877 1048 1941 ergo
1071 1870 1133 1918 eras
1155 1879 1209 1920 cau
1222 1880 1267 1937 a,
1292 1873 1326 1920 us
1348 1879 1425 1920 eom·

546 1940 685 2034 peudioso
706 1940 800 2005 dolore
821 1959 925 2006 nasum
947 1942 1093 2008 decideret
1113 1942 1252 2023 vulnus,
1282 1942 1424 2030 quamvis

552 2057 609 2099 non
630 2023 701 2113 effes
716 2025 874 2110 salubris,
898 2027 954 2109 sed
976 2049 1075 2095 contra
1096 2029 1286 2111 exitiabilis,
1316 2047 1348 2096 us
1367 2044 1421 2115 per

551 2116 655 2186 cunila
677 2115 808 2182 membra
826 2111 962 2200 pestilens
969 2116 1103 2205 irreperet
1127 2116 1231 2184 virus.
1252 2115 1306 2182 Sie
1327 2115 1422 2182 tradi·

553 2209 662 2275 tionem
680 2201 860 2288 probabilius
882 2227 934 2270 nos
955 2205 1039 2271 vobis
1069 2203 1250 2286 objicimus,
1273 2200 1425 2292 'quamvis

553 2319 621 2363 eane
640 2315 695 2360 vos
716 2289 802 2358 nobis
821 2313 879 2356 non
895 2291 1090 2379 probabiliter
1110 2291 1278 2374 objiciatis.

680 2467 724 2536 D.
748 2468 915 2537 Tuouus
936 2469 1077 2555 Quom.
1097 2489 1128 2556 3.
1151 2467 1242 2539 Aes.
1257 2489 1305 2534 10.

646 2641 682 2709 D
697 2643 861 2724 seeundum
871 2641 917 2725 fii
926 2645 1111 2732 procediturt
1136 2645 1258 2713 Videtur
1273 2643 1432 2730 quodua-

662 2729 772 2797 diuus
799 2729 981 2814 diversorum
1018 2727 1232 2823 Magislroruen
1261 2735 1430 2800 senensium

553 2816 688 2899 diversas
708 2817 859 2905 opiniones
881 2820 1053 2903 excusentur
1074 2847 1094 2887 a
1111 2838 1227 2907 peecata
1243 2819 1371 2900 erroris,
1395 2816 1429 2899 fi

554 2907 703 2996 opiniones
733 2902 955 2992 Magijlrorune
972 2906 1095 2991 snorum
1111 2910 1300 2996 sequantur.
1333 2905 1430 2972 Dicit

555 2995 635 3061 enim
669 2991 823 3060 Dominus
855 2992 972 3060 Muta.
1002 3017 1053 3084 23.
1095 2996 1195 3080 Super
1228 2991 1428 3062 Cathedram

556 3078 662 3164 Moysi
684 3078 830 3150 sederunt
862 3079 993 3167 Scribae,
1024 3083 1059 3152 &
1083 3080 1255 3162 Pharisaei3
1286 3079 1428 3165 omnia,

554 3191 623 3255 quae
645 3166 756 3235 dicunt
773 3167 883 3251 nobie,
904 3167 1043 3255 servate,
1065 3169 1099 3238 &
1118 3166 1234 3238 facito.
1258 3169 1363 3236 Mulio
1379 3195 1429 3234 er-

551 3280 590 3344 go
608 3255 704 3342 inagis
715 3255 867 3337 ‚servanda
877 3259 952 3340 suen
968 3260 1042 3342 illa,
1065 3283 1128 3346 qun
1145 3257 1307 3323 eraduntur
1320 3282 1341 3322 a
1358 3256 1445 3322 De·-

554 3340 681 3410 {loribus
690 3343 781 3425 sciere
796 3343 953 3433 Scripturp
970 3371 986 3426 ,·
1017 3369 1081 3434 ergo
1098 3367 1154 3411 nou
1170 3363 1290 3435 peccans
1306 3345 1363 3432 qui
1380 3369 1429 3409 eo-

555 3429 1448 3607 ussuuuusussusessu··

555 3608 650 3677 ambo
674 3605 710 3678 in
725 3603 852 3674 foveam
870 3606 988 3677 cadunt
1005 3655 1014 3672 .
1046 3609 1109 3676 Sed
1124 3545 1308 3696 quicumqii
1324 3562 1431 3687 errat:

1326 3715 1382 3765 ssa
