3192 4592
589 451 652 519 ato
722 445 1278 514 Pnoaaarurtsuuass

550 625 558 639 .
588 574 820 667 Quodlibeta:

591 673 768 756 Repottata
793 661 987 732 Paaifienfia.
1160 722 1163 730 .
1265 713 1267 720 -

568 752 727 824 ·Hentiri
752 748 966 828 Gandavenfis
992 745 1209 832 Quodlibeta.

593 840 710 929 AEgidii
727 839 878 908 -Romani
910 835 944 904 in
975 837 1120 905 Primum
1144 835 1219 920 ‚·&
1241 837 1428 912 Secundum

548 928 790 999 Sententiarum
812 965 833 994 .·
861 928 952 996 Nam
978 927 1117 1008 Quartus
1151 924 1425 1013 Sententiarum,

548 1015 634 1105 quod
645 1015 771 1100 seiam,
791 1012 977 1104 editus-non
992 1012 1065 1097 sest,
1088 1011 1122 1078 &
1145 1010 1281 1080 Tertius
1296 1013 1335 1082 ad
1351 1037 1427 1082 ma-

550 1129 630 1176 num
656 1101 762 1172 habeti
788 1098 1008 1187 non‘potuit.'
1421 1143 1424 1150 .

591 1190 806 1281 Quodlibeta.
938 1237 941 1254 .
1064 1237 1067 1244 -

576 1278 733 1358 .Bakoni›
745 1277 780 1346 iu
799 1278 956 1364 Qautuot
977 1275 1239 1345 Sententiarum.

593 1365 807 1452 Quodlibeta.

553 1491 558 1498 ·
594 1453 717 1522 Okami
743 1453 777 1519 in
803 1450 1230 1537 QuatuotSententiarum.
1348 1499 1351 1508 .

558 1577 575 1601 -.
596 1541 726 1609 Aibetti
758 1539 874 1624 Magni
899 1540 933 1610 in
959 1543 1104 1624 Quatuot
1126 1539 1382 1610 Sententiarum.
1412 1577 1419 1594 -=

595 1632 763 1698 Summam
791 1625 996 1713 Theologiae·.
1109 1643 1112 1648 '

554 1755 563 1762 ·
597 1715 745 1784 Alteram
770 1713 885 1802 paritet
906 1715 1073 1784 Summam
1095 1715 1134 1783 de
1156 1716 1338 1785 Creatutis.

554 1799 770 1871 ..Alexandri
797 1797 920 1868 Alenfis
946 1803 1110 1868 Summam
1134 1801 1341 1891 Theologiae.
1394 1837 1420 1853 -·

556 1976 580 2046 s
594 1887 706 1991 §anui
736 1885 921 1970 Raymundi
961 1887 1125 1958 Summam
1165 1890 1304 1963 Casuum
1324 1891 1425 1963 -Com

600 2065 646 2132 Ex
663 2063 779 2134 horum
796 2065 972 2135 Dodotum
990 2066 1154 2150 communi
1164 2063 1319 2136 Domina
1335 2069 1423 2152 Opua

554 2153 780 2237 mnpattum,
797 2170 906 2240 atque·
919 2151 1137 2224 elucubratum
1163 2152 1231 2223 est.
1262 2157 1338 2240 Quo
1359 2153 1398 2221 fit
1415 2201 1425 2237 ,
1485 2176 1487 2182 ’

557 2259 593 2316 ut
617 2238 700 2308 nihii
721 2239 759 2308 fit
780 2263 798 2306 a
817 2263 868 2309 me
883 2240 1037 2326 posnam,
1061 2243 1095 2309 ἃ
1112 2242 1324 2326 affirmatum,
1338 2241 1426 2326 quod

557 2325 750 2409 nnnriicet
773 2324 902 2396 aliu-nde
929 2347 1052 2398 certum
1078 2327 1143 2402 fit,
1173 2327 1227 2397 vel
1250 2326 1425 2410 omnium,

558 2413 612 2483 vel
635 2412 773 2500 plurium
825 2413 887 2484 uel·
902 2413 1014 2482 salt-em
1037 2414 1168 2497 aiicujus
1193 2439 1232 2484 ex
1251 2416 1302 2484 his
1329 2413 1421 2480 Prin-

558 2500 699 2600 cipibus,
721 2462 997 2600 aliiiijueadjetiis
1021 2503 1211 2572 Douoribus
1229 2501 1427 2572 authoritate

557 2593 657 2657 ettam
679 2589 1007 2676 confirmatapoffit,
1038 2592 1307 2677 quemadmodum
1330 2589 1425 2659 Doui

557 2671 691 2760 expetiti
718 2694 897 2762 poterunt,
920 2677 954 2744 δι
1024 2677 1103 2746 oin
1128 2677 1234 2746 Prima
1259 2679 1350 2746 Parte
1373 2701 1428 2764 pro

557 2777 687 2829 renata
711 2759 826 2846 pluries
847 2762 984 2830 ostendi.
1046 2789 1089 2833 on
1113 2764 1200 2834 enim
1224 2765 1331 2834 omnia
1355 2763 1426 2830 sunt

558 2847 594 2915 in
615 2846 762 2934 singulis,
783 2847 1039 2938 quandoquidem
1064 2875 1128 2920 non
1151 2852 1258 2920 omnia
1280 2873 1298 2919 a
1319 2847 1429 2934 finguae
1517 2901 1520 2924 .

560 2933 625 3016 tis,
656 2933 708 3003 uel
735 2934 907 3021 universe,
937 2937 991 3007 vel
1021 2937 1134 3008 eodem
1167 2937 1261 3004 modo
1292 2934 1428 3003 madata

559 3022 656 3090 sunt:
689 3021 862 3092 esttamen
884 3023 976 3092 simul
1000 3024 1033 3092 in
1056 3021 1229 3105 omnibus,
1261 3020 1342 3118 unde
1360 3043 1426 3093 tea

560 3109 704 3178 universa
736 3110 853 3180 confici
882 3112 998 3197 poffit.
1030 3113 1110 3194 Qua
1133 3110 1220 3180 causa
1250 3108 1341 3192 furt,
1371 3134 1427 3179 cut

559 3195 653 3264 unius
674 3198 862 3280 dumtaxat,
886 3217 941 3268 aut
970 3194 1102 3266 alterius
1126 3192 1329 3278 testimonio,
1351 3221 1427 3266 cum

559 3305 607 3382 tes
628 3282 822 3370 postulabat,
845 3285 921 3372 saepe
944 3303 1116 3356 contentus
1141 3281 1206 3350 tui.
1228 3285 1310 3350 Non
1335 3283 1424 3352 enim

556 3370 651 3440 aitter
673 3372 782 3457 potui.
817 3431 820 3436 .
856 3431 860 3438 .
927 3405 941 3428 ε
969 3397 993 3448 4'
1292 3409 1295 3417 ·

594 3479 653 3530 aa.
676 3461 743 3526 Cur
774 3479 885 3530 autent
908 3458 1035 3528 istorum
1067 3476 1194 3543 tantum
1227 3457 1424 3545 potiffimum

557 3545 774 3636 Antiquarum
796 3545 1009 3628 austeritate,
1038 3563 1131 3634 atque
1154 3543 1422 3698 “eml’l0h1i}²sr

686 3652 691 3658 .
1337 3655 1375 3699 l·
