3192 4592
585 499 633 585 36„
727 480 1254 560 un-onrz‘i-rrsnns'

545 623 738 693 materialiter
759 642 916 706 erremus,
938 634 994 684 aut
1017 641 1207 703 peccemus„
1229 635 1283 686 aut
1305 641 1399 706 grave
1503 682 1504 687 ,

546 708 668 780 malum
691 705 816 794 aliquod
840 706 1061 772 incurramus.
1094 705 1254 788 Quoniam
1277 703 1315 774 de
1331 730 1403 793 pec-

548 814 647 879 cato,
670 796 704 864 δι
720 795 835 875 damno
858 816 904 860 res
928 789 1028 858 facilis
1051 789 1220 859 intelledlu
1243 793 1311 874 est,
1336 790 1407 881 affe:

548 897 652 950 ramus
675 879 859 964 exemplum
881 877 1008 964 aliquod
1030 877 1067 946 de
1092 901 1195 945 errore
1218 877 1407 965 inspecula-

552 967 630 1038 tivis
653 986 721 1049 sut
744 967 809 1035 haec
828 963 1042 1049 Dollrinade
1064 987 1121 1046 eo,
1144 965 1227 1050 quod
1250 965 1292 1032 est
1311 965 1409 1032 tutius

549 1055 586 1123 in
609 1055 690 1139 iltis,
714 1055 747 1121 in
770 1052 882 1140 quibus
913 1048 1071 1118 difficilius
1093 1049 1316 1138 intelligitur,
1344 1074 1410 1118 ma-

552 1142 601 1230 gis
626 1141 801 1211 innotescat
1351 1168 1354 1176 ·
1405 1155 1409 1159 ’

600 1232 704 1298 Docet
737 1229 827 1296 Fides
856 1222 1034 1312 generalem
1065 1224 1177 1296 Carnis
1217 1223 1430 1292 resurreetio

549 1339 644 1384 nem.
670 1320 747 1384 Herc
757 1311 880 1380 -veritas
897 1311 959 1392 jam
977 1310 1104 1396 cognita
1126 1313 1160 1379 te
1182 1311 1335 1379 cerraest.
1360 1313 1413 1376 In·

549 1403 686 1490 quiritur
707 1425 725 1468 a
748 1397 942 1484 Theologis‚
957 1421 1041 1464 num
1063 1397 1160 1484 aliqui
1183 1397 1242 1465 fiut
1260 1421 1324 1464 non
1343 1420 1412 1465 mo·

550 1489 644 1556 rituri
663 1536 673 1570 ‚
699 1487 831 1573 ideoque
849 1509 914 1551 nou
931 1485 1151 1552 reinfredum.
1183 1483 1345 1554 Nonnulli
1366 1480 1413 1550 af·

553 1577 703 1656 firmant,
726 1569 871 1640 nonnulli
895 1589 1010 1657 negant
1035 1569 1254 1658 probabiliter,
1276 1589 1412 1657 autproa
1503 1620 1505 1629 ,

550 1662 683 1730 babillus
706 1706 714 1724 ·
745 1658 911 1727 Sententia
927 1681 1060 1743 negans,
1083 1657 1146 1727 five
1166 1658 1318 1725 statuatur
1340 1680 1412 1743 prou
1502 1714 1504 1727 .

551 1747 684 1830 babilis,
706 1745 768 1813 srve
793 1744 982 1831 probabilior
1002 1743 1178 1813 affirmante
1200 1747 1292 1812 tutior
1306 1745 1345 1810 ab
1367 1769 1412 1809 er-

551 1859 610 1902 rore
633 1835 701 1915 est,
724 1833 757 1900 δι
781 1832 828 1899 ita
851 1849 983 1900 vocatur
1005 1853 1022 1897 a
1041 1830 1249 1914 D.·Thoma‚
1273 1850 1308 1899 ut
1332 1829 1412 1898 alibi
1501 1862 1504 1885 ι

465 1975 466 1983 ,
552 1920 710 2009 apparebit
730 1941 740 2000 3
762 1918 837 2004 quia
857 1916 913 1986 etsr
936 1916 1035 2002 reipsa
1056 1915 1128 1984 falsa
1151 1919 1245 2001 effer,
1269 1940 1340 1986 earn
1363 1936 1415 1985 ta⁴

552 2031 628 2076 men
652 2003 807 2088 tenendo,
829 2001 953 2069 nullum
971 2001 1013 2070 ell
1035 2001 1211 2089 periculum
1228 2003 1413 2072 amittendae

410 2109 420 2126 ·’
508 2147 510 2152 .
555 2093 642 2162 illius
664 2110 766 2164 ‚certat
798 2089 944 2157 veritaris
968 2088 1007 2157 de
1030 2089 1198 2158 universali
1220 2089 1415 2160 resurreetio«

553 2204 626 2263 ne,
655 2177 836 2266 quinimmo
867 2200 921 2264 per
943 2175 1032 2242 illam
1056 2177 1155 2263 magis
1178 2179 1412 2259 confirmatur,
1505 2202 1506 2229 i

408 2309 409 2314 κ
464 2307 491 2338 .·
555 2289 592 2334 ac
614 2264 785 2334 stabilitur:
811 2262 949 2340 tenendo
958 2284 1035 2329 vero
1051 2263 1241 2330 contrariam
1259 2265 1416 2332 affirmem

554 2370 652 2435 tem,
683 2351 726 2420 est
751 2349 926 2437 periculum
944 2347 1127 2416 amittenda
1149 2347 1275 2431 hujusce
1295 2351 1414 2420 verita

554 2438 615 2522 tis,
638 2437 659 2504 fi
682 2461 795 2525 nempe
819 2459 855 2504 ea
877 2434 958 2502 forte
980 2432 1076 2520 reipsa
1098 2432 1171 2502 falsa
1191 2435 1235 2505 est
1260 2487 1268 2503 .
1298 2435 1413 2506 Simile
1505 2472 1507 2495 ‹

558 2525 597 2594 de
620 2523 731 2594 multis
752 2521 822 2590 aliis
844 2521 907 2588 esto
928 2518 1106 2601 judicium.

561 2631 564 2636 ·
595 2633 626 2696 4.
651 2613 763 2678 Tutius
785 2610 903 2692 semper
920 2607 996 2704 ‚de
1021 2631 1217 2696 quacumque
1248 2634 1412 2699 compara·

555 2699 643 2770 tione
666 2697 707 2764 est
729 2695 780 2775 id,
803 2693 886 2778 quod
908 2710 1012 2779 vergit
1036 2694 1070 2760 in
1091 2693 1232 2765 favorem
1247 2717 1340 2768 certa
1356 2723 1412 2767 ve⁴
1487 2757 1489 2765 .

555 2783 678 2865 tineis,
701 2780 812 2868 Legis,
835 2779 1037 2849 &carentiae
1060 2780 1204 2870 cujusque
1222 2784 1318 2868 mali,
1338 2784 1414 2872 quia

556 2872 771 2951 truncatur,
793 2884 848 2935 aut
870 2866 945 2949 fiat,
966 2867 1153 2954 impolsrbile
1175 2871 1249 2955 est,
1277 2889 1314 2939 ut
1335 2868 1413 2938 adfit
1445 2894 1448 2899 ·

557 2955 731 3048 perieulum
755 2971 811 3022 aut
828 2954 952 3040 formale
979 3002 989 3037 ,
1019 2975 1074 3023 aut
1097 2957 1247 3026 materiale
1267 2955 1415 3025 veritatis

557 3043 769 3126 amittendae,
792 3041 845 3109 vel
866 3038 1021 3110 violandae
1044 3041 1155 3131 LegiS,
1175 3043 1229 3112 vel
1251 3042 1327 3110 mali
1351 3041 1416 3109 ali-

559 3133 646 3213 cujus
670 3128 874 3200 incurrendi.
1288 3166 1291 3172 ·
1407 3176 1411 3182 .

605 3239 632 3306 ς.
663 3213 801 3302 Quodsi
831 3237 869 3283 ex
891 3231 1020 3303 utraque
1051 3234 1137 3306 parte
1168 3214 1206 3283 fit
1235 3212 1413 3304 periculum

559 3303 681 3393 peccati
699 3352 711 3387 ‚
732 3301 822 3370 idest
842 3302 940 3370 tutius
957 3351 969 3386 ‚
989 3303 1072 3389 quod
1084 3321 1241 3372 removet
1262 3326 1281 3370 a
1302 3301 1415 3384 majori

559 3389 700 3478 periculo
735 3387 946 3476 fimpliciter,
983 3389 1037 3458 vel
1065 3411 1084 3456 a
1121 3388 1262 3477 periculo
1291 3389 1418 3470 majoris

558 3477 706 3564 peccati.
728 3473 919 3562 Exemplum
939 3473 977 3542 fit
1000 3475 1034 3544 in
1055 3477 1223 3544 Sacerdote
1244 3475 1417 3546 invenien-

558 3583 593 3636 te
610 3565 628 3648 J
632 3585 776 3634 uvenem.
790 3560 1015 3633 moribundum
1044 3562 1139 3635 dubie
1170 3561 1352 3719 dispolitrpp
1372 3562 1415 3630 ad

626 3691 629 3696 Δ
658 3682 663 3710 <
1284 3673 1303 3720 a
1335 3673 1370 3717 o·

1086 3752 1094 3782 b
