3192 4592
572 498 632 562 140
683 471 1214 550 ,Prouisis-tentus

522 607 671 693 formali,
701 602 859 690 loquendo
883 601 921 670 de
943 605 1104 691 praeceptis
1123 603 1319 674 'virtualibus
1336 621 1392 692 pet

526 694 682 774 accidens,
704 712 768 757 non
794 688 934 758 obstante
959 691 1141 776 existentia,
1165 694 1199 760 ἃ
1221 691 1391 760 authentica

469 843 481 852 .,
528 776 784 869 promulgatione
807 774 919 875 Legis,
942 800 974 844 v.
991 797 1020 864 g:
1039 779 1072 846 in
1090 779 1254 860 quaestione
1271 777 1309 846 de
1329 777 1390 846 cit-

528 865 725 944 cutnllantiis
751 862 938 938 notabiliter
961 866 1222 950 aggravantibus,
1245 888 1311 930 non
1338 865 1391 931 ob-

527 955 627 1024 stante
658 950 849 1032 exilientis,
879 972 914 1018 ac
937 951 1109 1030 authentica
1139 950 1392 1040 promulgatione

529 1041 623 1128 Legis
648 1039 686 1108 de
709 1035 929 1106 Conlelstone.
954 1039 1084 1106 Etenim
1108 1039 1140 1106 in
1158 1038 1207 1106 his
1231 1035 1391 1126 praeceptis

529 1126 715 1215 supponitur
740 1126 805 1193 Lex
828 1140 965 1208 extans,
995 1127 1030 1194 8ι
1059 1126 1225 1194 authentice
1248 1122 1391 1212 promul-

362 1213 496 1299 (a)pcr
529 1217 709 1303 gata(a).
1142 1237 1146 1246 ·
1267 1275 1271 1282 ,
1354 1222 1357 1228 ’

364 1299 434 1365 Cor.
457 1319 488 1380 4
574 1327 605 1388 7.
629 1299 716 1375 Hine
737 1296 875 1382 denique
902 1296 994 1367 datur
1020 1299 1168 1368 securitas
1181 1295 1394 1375 Conscientia

365 1383 459 1473 ejusd.
531 1389 565 1460 in
587 1386 769 1474 operatione
793 1384 950 1453 contraria
973 1386 1049 1473 Legi
1072 1386 1134 1468 jam
1152 1383 1317 1466 existenti,
1342 1400 1392 1450 at·

530 1500 590 1563 que
607 1472 775 1540 authentice
793 1469 1015 1558 promulgatae,
1041 1471 1296 1560 quandoquidem
1318 1469 1393 1535 Pro·

521 1559 761 1633 babiliorismus
777 1557 998 1638 =hujutcemodi
1023 1577 1110 1626 tutus
1134 1559 1193 1628 est.
1215 1556 1309 1640 Quod
1326 1579 1390 1642 quo

531 1649 618 1717 sensu
646 1643 681 1712 stt
707 1644 793 1726 juxta
825 1644 1085 1714 Probabilioristas
1117 1641 1393 1732 intelligendum,

531 1732 738 1818 exsequenti
756 1730 888 1803 Scholio
909 1731 1046 1819 patebit.
1087 1777 1090 1784 ι

645 1902 649 1912 “
761 1865 1163 1986 senottuu.

443 2086 449 2095 '
534 2079 936 2240 PRonanutoutsrAE
960 2100 1102 2164 tenent,
1123 2081 1303 2167 sequentem
1328 2099 1398 2166 pro-
1484 2078 1490 2091 '

623 2166 776 2243 babiliota
799 2167 940 2243 faventia
959 2167 1099 2238 libertati
1124 2167 1242 2238 idcirco
1267 2165 1324 2236 elle
1344 2184 1395 2234 tu-

532 2275 605 2326 tum
629 2256 662 2324 in
691 2255 923 2337 Conscientia,
951 2255 987 2322 &
1017 2255 1196 2334 immunem
1226 2269 1395 2340 apeccato

527 2342 668 2429 fumali,
690 2341 763 2430 quia
779 2342 947 2430 prudenter
962 2359 1126 2426 operatur,
1148 2342 1182 2412 δι
1204 2339 1326 2428 ignorat
1347 2337 1395 2404 in⁴

415 2471 419 2479 ‚
448 2499 451 2505 ,
521 2427 734 2500 ·vincibilirer
757 2427 889 2496 astionis
921 2426 1141 2512 pravitatem,
1173 2426 1292 2514 operari
1316 2447 1393 2508 vero

519 2571 525 2578 .
555 2516 720 2598 rudentes,
743 2515 931 2600 &ignorare
944 2511 1180 2600 invincibiliter
1189 2513 1395 2584 astionisma·

477 2621 483 2633 ‘
531 2540 670 2683 litium,
702 2624 765 2666 non
787 2599 861 2687 quia
884 2601 949 2666 Lex
970 2624 1034 2667 non
1058 2599 1095 2667 lit
1118 2600 1151 2668 in
1185 2601 1214 2670 le
1237 2601 1396 2682 existens,

534 2704 673 2756 autnon
696 2687 887 2756 sufficienter
906 2685 1124 2775 promulgata,
1146 2687 1200 2770 vel
1222 2687 1295 2774 quia
1314 2683 1396 2756 attio

534 2772 591 2842 illa
613 2797 678 2840 non
700 2771 737 2842 stt
760 2797 835 2858 vere
859 2773 893 2842 in
917 2775 973 2857 se,
995 2776 1029 2843 &
1051 2775 1259 2844 coramDeo
1284 2772 1394 2855 mala,

517 2859 556 2944 ,li
580 2858 660 2930 forte
681 2857 792 2946 opinio
811 2859 999 2948 probabilior
1021 2859 1057 2930 fit
1082 2859 1176 2942 falsa,
1199 2861 1248 2932 sed
1263 2861 1337 2949 quia
1354 2857 1396 2926 fa-

534 2945 582 3017 cit
606 2967 762 3034 quantum
787 2948 906 3034 potest,
928 2973 966 3016 eo
989 2949 1071 3035 quod
1095 2971 1167 3016 cum
1184 2996 1195 3030 ,
1211 2947 1282 3046 post
1304 2946 1394 3034 polsi-

534 3031 634 3102 bilem
658 3034 695 3102 de
728 3031 920 3120 operationis
952 3035 1106 3121 pravitate
1139 3033 1394 3120 inqursrtionem,

474 3177 479 3196 ,
528 3139 669 3207 ‚nequeat
694 3120 839 3208 invenire
857 3121 1045 3204 ueritatem,
1064 3119 1142 3202 iacit
1165 3117 1247 3204 quod
1270 3117 1392 3198 verius,

365 3269 370 3276 .
410 3241 423 3292 .'
519 3230 570 3276 ac
596 3204 815 3276 rationabilius
839 3205 966 3276 licitum
993 3225 1108 3293 putat:
1142 3205 1225 3272 secus
1248 3225 1323 3272 uero
1346 3201 1392 3280 se-

428 3369 432 3377 ,
475 3290 479 3296 ⁴
531 3314 683 3381 quentem
702 3296 807 3362 minus
824 3293 1012 3382 probabilia.
1032 3295 1142 3378 Itaque
1159 3289 1305 3362 securitas
1316 3290 1391 3358 Pto·

310 3448 314 3453 .
449 3450 452 3459 ,
522 3379 740 3460 ,habilioriltni
762 3381 903 3451 libertati
921 3377 1055 3449 faventis
1068 3375 1177 3448 ¹britur
1195 3401 1233 3448 ex
1258 3377 1391 3466 pruden-

472 3506 475 3512 ,
519 3467 579 3539 tia
602 3492 623 3534 o
646 3467 823 3552 erationis,
852 3469 886 3536 ἃ
910 3489 948 3534 ex
975 3461 1151 3574 iquorantia
1176 3461 1393 3548 invincibili,

530 3576 599 3642 quae
620 3493 687 3640 luo
704 3553 867 3640 efficiunt,
890 3571 925 3632 ut
950 3548 1053 3639 illurn,
1067 3551 1210 3641 sequenti
1228 3551 1393 3706 transpici-

1317 3661 1348 3708 ιο
