3192 4592
366 534 913 605 Maru.Mirn.D1-:nonrr.r³;1.
980 546 1024 626 45

208 674 281 731 tem'
297 663 559 752 probabilioritari
583 681 815 754 comparatam,
838 667 988 736 amittere
1006 668 1076 741 rim

210 753 359 820 movendi
384 751 539 839 Sapientis
562 753 706 822 animum
732 755 770 821 ad
792 754 997 823 assensum.··
1064 792 1068 805 =

256 861 283 905 r.
306 843 502 926 Quapropter
523 842 607 927 quod
626 839 697 908 Des.
719 845 767 908 26.
791 843 933 924 attinet,
953 841 1075 910 dictum

206 923 253 992 cll
276 925 378 1011 primo
397 927 590 1011 fundamento
607 953 690 1010 vere,
711 929 858 1012 absolute,
880 925 925 994 (9¹
943 928 1074 1016 rrfpeslr'·

211 1035 250 1077 or
274 1035 398 1100 magno.
422 1015 578 1097 Abfialute,
602 1033 636 1082 ut
663 1014 855 1100 fignificetur
880 1015 940 1081 esse
961 1015 1072 1091 debere

97 1151 101 1202 3
210 1097 386 1177 hujusmodi
412 1100 584 1168 secundum
609 1101 657 1183 se,
680 1104 714 1167 dc
735 1120 798 1166 non
825 1117 952 1168 tantum
969 1122 1008 1168 err
1023 1124 1076 1170 ac·

211 1185 357 1270 ridente,
380 1206 455 1274 puta
480 1209 518 1255 ex
541 1186 725 1254 vehementi
750 1188 902 1271 passione,
923 1189 1075 1271 experti-

211 1272 319 1355 nacia,
340 1296 379 1341 ex
407 1272 641 1340 inordinatione
672 1273 796 1340 affedlus
811 1321 825 1355 ,
847 1295 886 1341 ex
911 1274 1074 1361 negligen-

211 1359 256 1429 tia
281 1359 470 1445 inquirendae
493 1359 658 1442 veritatis,
681 1383 720 1427 ex
745 1359 896 1442 inscitia,
930 1379 984 1426 aut
1011 1359 1075 1426 alio

210 1444 303 1513 simili
332 1447 474 1514 motivo.
496 1447 670 1536 Respeslive
694 1445 732 1512 ad
757 1444 995 1534 significandum
1019 1447 1073 1513 de·

215 1533 285 1602 bere
310 1535 368 1601 esse
391 1547 569 1621 magnum,
599 1557 634 1602 ac
656 1533 793 1601 solidum
817 1532 916 1602 etiam
940 1531 1073 1601 attentis

213 1619 379 1706 oppositis,
401 1619 464 1690 siue
493 1620 678 1708 aequalibuS,
701 1619 763 1688 sive
780 1621 882 1710 etiam
906 1620 1073 1700 majoribus

211 1705 347 1774 motivis
365 1729 375 1786 ς
399 1708 444 1775 ira
471 1727 506 1776 ut
529 1709 567 1776 ab
588 1708 636 1776 his
663 1731 732 1774 non*
749 1707 912 1788 elidatur,
934 1707 969 1774 dr
985 1729 1073 1776 ener-

210 1811 305 1860 vetur
330 1840 340 1875 ,
377 1793 429 1862 seu
451 1794 515 1874 ejus
538 1795 749 1883 magnitudo,
770 1811 815 1864 'ac
840 1793 981 1862 soliditas
1002 1816 1074 1862 noo

210 1875 385 1944 auferatur.
408 1881 504 1946 Unde
528 1879 732 1947 Probabilitas
755 1880 789 1948 in
811 1881 976 1967 conspedlu
1001 1881 1073 1946 Pro·

215 1961 439 2030 babilioritatis
462 1987 525 2029 non
548 1965 673 2031 amittit
691 1965 761 2031 vim
784 1967 934 2034 movendi
944 1965 1072 2060 Sapien-

219 2065 287 2116 tem
309 2046 347 2114 ad
370 2047 539 2145 piscosum,
563 2051 611 2114 sed
636 2050 745 2134 utique
768 2069 907 2132 movet,
927 2050 1077 2134 quamvis

217 2135 271 2202 isla
299 2155 420 2219 magrs,
449 2133 504 2200 illa
527 2135 666 2204 minuc·
1070 2162 1077 2226 ¹.

258 2243 286 2288 2.
311 2221 457 2288 Nomine
475 2221 631 2306 Sapientis
648 2271 657 2307 ,
678 2220 893 2292 &Prudentis
917 2243 981 2288 non
1002 2221 1074 2308 qui·

213 2330 348 2393 cumque
367 2355 379 2390 ,
408 2306 458 2374 sed
484 2310 641 2378 Doslores·
660 2305 820 2393 scientia,
848 2332 885 2379 ac
903 2308 1072 2396 probitate

213 2395 319 2482 magni
330 2391 650 2484 intelliguntur,v.ga
668 2398 700 2462 S.
712 2397 1076 2484 Thomas,.S.Bonav.‚

211 2484 247 2550 S.
266 2481 466 2566 Raymund.,
489 2484 519 2550 S.
541 2480 697 2552 Antonin.
721 2483 815 2564 (sunt
828 2508 879 2552 -ne
901 2482 949 2549 illi
966 2483 1075 2552 Prole*
1120 2512 1123 2519 ¹

211 2568 336 2649 tariil)
359 2570 498 2651 Scotus,
521 2569 664 2657 AEgidius¹
686 2573 875 2654 Romanus,
904 2568 1111 2657 caeterique·
1169 2605 1173 2609 ν
1244 2596 1250 2606 ‚

210 2653 396 2724 Scholarum
415 2653 591 2743 Principes,
612 2656 730 2744 aliique
753 2655 931 2739 innumeri,
952 2655 1005 2724 vel
1020 2655 1071 2724 his
1111 2687 1118 2699 ·

207 2740 346 2826 smiles,
367 2740 420 2809 vel
441 2742 584 2829 suppares
606 2745 763 2825 (verboa
788 2745 879 2813 nobis
906 2744 930 2810 ii
950 2740 1076 2812 intersit

210 2848 346 2916 guntur,
390 2851 444 2896 uos
471 2831 570 2898 etiam
588 2831 842 2900 Probabiliorislae
864 2829 1071 2918 intelligunt,

211 2915 265 3013 vel
292 2853 472 3014 intelligere
482 2915 620 3016 delient)
641 2917 695 3003 qui
720 2935 832 3017 onmes
854 2920 924 2988 sunt
942 2917 1074 3015 optimu

211 3001 348 3089 dispositi
368 3003 405 3068 ad
428 3002 692 3090 intelligendum,
714 3005 748 3073 dt
756 3005 980 3092 judicandum,
1000 3025 1073 3090 qur«

209 3113 269 3176 que
291 3089 349 3169 nisi
371 3090 435 3177 poll
454 3108 615 3158 maturum
634 3113 784 3175 examen,
807 3093 1006 3176 exactamque
1023 3088 1070 3156 rei

208 3175 444 3259 discussionem,
460 3177 545 3246 luam
567 3177 766 3247 assensionem
788 3175 990 3264 opinionibus
997 3197 1073 3262 prae‹

208 3261 279 3331 bere
311 3289 376 3333 non
398 3263 525 3332 solent.
558 3265 620 3332 His
641 3265 762 3335 scilicet
788 3259 1004 3346 nonoribus,
1033 3259 1071 3332 dn

211 3355 285 3416 cuin
307 3349 356 3419 his
377 3345 641 3434 conditionibus,
672 3352 835 3420 motivum
856 3371 978 3437 grave,
1000 3373 1068 3418 ma-

210 3455 327 3589 pinupn,
347 3435 560 3591 solidprrpplelse
575 3439 668 3508 debet
691 3439 729 3506 ad
751 3436 998 3508 constituendam
1014 3438 1069 3506 de·

238 3543 271 3586 nr
289 3543 339 3588 arn
383 3543 636 3594 roarrtarem.
1066 3549 1071 3556 ·

253 3628 285 3695 3.
308 3547 439 3680 Didium
460 3611 505 3683 est
534 3614 623 3700 quod·
632 3610 733 3702 potrst.
748 3637 860 3684 movere
879 3614 986 3713 pense
1008 3613 1068 3679 Sa·

940 3718 1025 3790 pacn-
