3192 4592
271 433 860 507 mimmenuiiuonscutii.
905 457 962 528 34¹

132 571 284 653 mortale,
328 569 387 635 uod
410 563 452 650 ess
463 585 614 654 peccatum
636 569 776 652 mortale,
795 570 1017 660 ¹Conscientiam

132 684 198 724 non
225 596 358 742 excestre
383 682 403 720 a
427 672 506 737 toto,
526 657 597 722 sicet
616 657 694 742 sorte
721 681 741 720 a
767 675 850 722 tanto
875 656 957 738 (hoc
975 657 1018 724 est

132 747 292 829 efficere,
324 746 364 810 ut'
384 740 422 809 sit
446 741 792 828 peccatum-veniale,
822 742 874 812 vel
904 743 1015 811 saltem

132 829 278 899 mortale
303 829 427 910 levius)
450 852 590 898 errorem
614 855 701 914 otro,
722 857 779 917 quo
806 833 934 898 creditur
959 829 1013 914 elle

132 923 280 1000 mortale,
301 919 381 1006 quod
395 941 453 981 non
469 913 511 996 est
529 921 668 1002 mortale,
690 945 726 984 ex
741 919 929 1002 Conscientia
944 919 1015 983 obsi-

130 1031 208 1093 gare
229 1005 447 1092 adportatum
470 1009 615 1074 mortale.
648 1007 720 1086 Jarn
744 1029 822 1074 vero
844 1005 928 1072 inter
945 1004 1013 1091 opi-

134 1094 256 1161 niones
281 1093 428 1180 utrinque
459 1088 512 1158 vel
535 1090 715 1179 aequaliter,
737 1091 791 1161 vel
814 1089 1013 1179 inaequaliter

135 1178 334 1267 probabiles,
352 1178 475 1247 ueritas
501 1181 635 1266 expressa
660 1203 821 1267 nunquam
846 1179 1011 1263 habetur,

134 1267 190 1334 sed
218 1291 254 1334 ea
279 1267 427 1352 ambigua
448 1264 490 1334 est
507 1269 595 1349 (a).
619 1266 880 1356 Probabiliorillae
904 1267 1007 1334 deter-
1046 1277 1107 1356 (a)
1124 1289 1178 1360 per

135 1353 285 1437 minant,
308 1352 366 1422 esse
390 1371 555 1440 peccatum
583 1353 737 1438 mortale,
761 1354 844 1442 quod
868 1353 1009 1441 probabi·
1046 1363 1178 1450 Supp.4.

135 1439 202 1507 lius
226 1438 361 1508 mortale
379 1442 448 1523 est,
472 1438 549 1509 licet
566 1441 770 1529 probabiliter
786 1465 850 1508 non
868 1441 905 1509 fit
925 1465 1009 1508 mor·
1042 1467 1113 1539 pp.

133 1524 232 1607 tale3
257 1527 464 1596 Probabilistae
486 1552 564 1596 vero
588 1528 832 1612 determinant,
862 1553 926 1598 non
949 1527 1009 1598 elle

134 1612 303 1696 mortale,
332 1615 417 1698 quod
448 1615 652 1699 probabiliter
684 1614 821 1686 mortale
844 1617 1004 1700 nonest,

136 1699 286 1786 quamvis
308 1698 499 1784 probabilius
526 1701 563 1768 sit
591 1705 753 1773 mortale.
788 1705 1009 1790 Quamobrem

137 1783 262 1853 etiarnsi
287 1800 453 1870 peccatum
480 1786 616 1853 mortale
633 1807 656 1854 a'
676 1807 765 1876 parte
790 1793 835 1858 rei
862 1815 925 1858 non
952 1791 1009 1874 fit,

138 1870 400 1940 Probabili'oiistae
426 1888 536 1940 tamen
568 1870 669 1959 ligant
703 1873 944 1944 Conscientiam
969 1880 1008 1944 ad

139 1958 307 2043 mortale,
330 1961 364 2028 δι
387 1958 516 2047 quidem
545 1959 590 2028 ita
614 1984 728 2046 grave,
756 1960 847 2045 scuti
873 1963 907 2026 in
933 1985 1010 2030 con-

135 2047 347 2130 scientiaesl3
370 2045 577 2115 Probabilillae
593 2071 689 2133 vero,
711 2046 833 2117 etiamsi
842 2045 1010 2134 peccatum

141 2133 281 2204 mortale
298 2157 315 2202 a
334 2152 421 2222 parte
440 2134 532 2218 reisit
551 2183 561 2218 ‚
583 2136 824 2204 Conscientiam
834 2154 942 2204 tamen
952 2134 1012 2202 sol-

140 2241 244 2305 vunt,
266 2221 320 2291 vel
336 2221 471 2290 omnino
487 2245 506 2290 a
522 2221 672 2307 mortali,
693 2221 747 2292 vel
765 2222 922 2290 amortali
939 2221 1010 2310 'gra-

134 2307 231 2378 aiore
250 2332 260 2391 3
284 2309 418 2396 ideoque
442 2306 493 2377 illi
511 2309 712 2396 periculosius
734 2310 938 2397 quaestionem
968 2309 1008 2378 de

139 2397 274 2465 mortali
291 2396 528 2480 determinant,
550 2419 647 2484 quam
665 2397 733 2480 isli,
756 2397 963 2485 &propterea
973 2397 1006 2462 in

141 2486 187 2552 D.
204 2484 343 2552 Thomae
368 2483 556 2554 Doslrinam
581 2483 783 2571 impingunt,
807 2509 845 2553 eo
870 2483 923 2554 vel
940 2483 1009 2572 ipso

142 2571 283 2640 maxime
310 2570 400 2656 loco,
422 2595 518 2660 quem
543 2569 598 2639 fibi
624 2572 821 2660 potissimum
839 2571 1007 2642 evidenter

141 2656 347 2728 lavorabilem
368 2659 579 2729 arbitrantur.
908 2699 911 2706 =
991 2713 994 2720 .

183 2745 481 2816 Sextumdecimum
499 2772 552 2836 per
567 2749 723 2838 Suppofit.
740 2772 769 2818 2.
797 2752 831 2819 P.
852 2752 899 2818 Il.
918 2753 1007 2838 Nam

132 2833 305 2902 ⁴Henricus
323 2834 370 2902 ita
386 2833 500 2903 leviter
516 2837 717 2922 quaestionem
736 2837 936 2936 pertraslavit
946 2885 956 2918 ,
967 2853 1002 2904 ut

147 2919 209 2989 sere
233 2918 317 2989 nihil
344 2921 510 2991 contulisse
536 2925 654 3006 adeius
679 2924 869 2992 decisionem
894 2922 1003 2988 videa-

145 3023 213 3072 tur.
233 3010 316 3096 Lege
334 3007 493 3077 insonte.
514 3011 557 3076 Et
574 3034 672 3077 unum
690 3028 818 3079 tantum
837 3029 1005 3094 argumen-

145 3109 217 3158 tum
232 3117 272 3163 ex
290 3097 395 3185 capite
423 3095 659 3176 Conscientiae,
690 3096 724 3162 ἃ
740 3096 830 3163 resia
855 3095 1005 3163 Rationis

148 3177 347 3268 desumptum
363 3183 473 3264 affert,
495 3179 708 3266 quodfalsum
726 3180 786 3249 else
804 3181 930 3249 anobis
949 3182 1003 3251 de-

147 3266 420 3339 monstratumest.
438 3269 484 3351 (b)
503 3267 657 3350 Accedit,
673 3267 757 3354 quod
776 3267 918 3356 loquitur
934 3288 1003 3337 tan·
1040 3285 1106 3368 (b)
1118 3303 1171 3373 per
1232 3297 1237 3310 “
1317 3351 1320 3365 1

150 3369 219 3419 tum
235 3353 274 3421 de
292 3357 441 3428 conflislu
458 3353 564 3423 minus
581 3355 749 3441 probabilis
768 3381 842 3426 cum
863 3357 1004 3442 probabi-
1040 3374 1108 3442 ουν,
1133 3377 1163 3439 6,

151 3437 247 3521 liore,
269 3463 334 3508 non
350 3469 427 3512 vero
443 3467 519 3513 cum
536 3442 698 3531 aqualiter
714 3441 869 3544 probabili
889 3493 897 3512 ·
918 3445 1002 3542 ‚Ula
1021 3463 1101 3527 -Aac
1115 3483 1166 3546 17.

149 3527 186 3596 de
204 3517 441 3603 Probabilismus
457 3554 496 3602 ex
512 3554 556 3600 ea.
565 3548 652 3687 perte
662 3580 682 3615 ,-
693 3554 755 3619 qua
772 3551 858 3603 inter
873 3531 999 3620 opinio·

210 3658 219 3678 .
635 3642 652 3707 3
901 3644 955 3691 nes
