3192 4592
339 461 465 530 Marri.
475 459 848 530 damnauerat.
859 463 887 528 1.
938 481 1000 548 *¹35
1033 537 1038 544 ,

185 615 322 680 nempe,
343 613 419 660 cum
440 614 479 660 ex
503 614 567 659 una
582 609 669 677 parte
694 591 804 661 adsunt
822 588 933 661 multae
948 589 1046 660 ratio-

183 704 241 747 nes
263 702 410 768 magna,
432 676 510 748 licet
533 677 618 746 nulla
642 701 751 748 earum
776 701 890 766 cogens
914 677 979 761 fit,
1008 701 1048 746 et

183 767 252 835 alia
278 771 358 835 vero
383 784 469 853 parte
501 765 728 919 nulladprauie'
754 766 837 834 ratio
867 766 1048 854 reperitur,

183 877 253 950 quae
267 853 307 922 ad
330 852 468 920 moralem
488 851 600 940 imperf
635 877 688 919 aar
709 855 850 940 pertinet
867 856 948 937 (a).
971 854 1046 922 Ete'·
1085 859 1147 938 (a)
1189 883 1218 925 er

137 941 140 947 ’
183 941 256 1009 aim
278 958 388 1010 matra
419 937 556 1025 primam
580 937 650 1006 dari
664 939 795 1026 ‘bequit-
813 938 1044 1028 probabilitas,
1073 876 1219 1030 Scthef.

76 1082 88 1122 f,
184 1027 265 1096 bene
292 1049 369 1096 vero
391 1043 502 1094 eontra
537 1025 902 1114 secundamutroque·
924 1026 1047 1109 modu,
1089 1051 1117 1120 ς.
1140 1057 1170 1099 n.
1181 1037 1213 1097 6.

205 1111 257 1182 uia
282 1113 353 1182 fieri
378 1112 505 1200 potest,
532 1112 752 1199 quod'rontra
780 1113 1047 1183 existimationem

205 1225 210 1227 ·
248 1200 400 1282 lantum,
426 1198 479 1268 vel
505 1217 615 1267 matra
639 1200 781 1269 rationes
804 1222 930 1303 magnas
955 1199 1047 1270 unius

186 1286 283 1374 partie
304 1287 344 1356 ab
364 1285 436 1354 aliis
470 1285 673 1372 Sapientibus
699 1286 907 1357 inveniantur
935 1287 1046 1375 aliqua
1128 1324 1135 1337 ι

184 1374 325 1442 rationes
353 1372 527 1461 probabiles
552 1397 611 1461 pru
628 1373 740 1457 ,altera
767 1391 882 1462 parte,
910 1399 977 1462 quar
1006 1397 1046 1443 eo

184 1461 251 1548 ipso
274 1483 342 1529 rem
364 1460 533 1530 deturbent
558 1462 597 1530 ab
618 1484 656 1528 oo
674 1463 786 1553 -gradu
811 1461 1041 1546 certitudinis,
1171 1518 1183 1526 Α,

181 1546 297 1636 inquo
310 1547 498 1616 habebatur.
520 1547 679 1618 Similiter
694 1551 762 1619 fieri
780 1551 898 1637 potest,
917 1567 953 1618 ut
969 1571 1046 1618 con·

179 1652 230 1702 tra
247 1633 392 1702 rationes
418 1634 600 1734 probabiles·
614 1638 809 1724 detegatur,
833 1658 888 1706 aut
916 1636 1047 1706 accedat

180 1720 307 1807 aliquod
329 1721 687 1808 principium'c'ertutu,
708 1749 740 1792 ν.
767 1749 798 1814 g.
824 1723 970 1794 Ecclesia
991 1721 1045 1791 de·

181 1805 331 1888 elaterio,
352 1831 476 1874 novum
498 1827 688 1895 preceptum
720 1813 811 1892 dec,
836 1835 900 1900 quo
923 1835 968 1878 car
992 1808 1045 1877 de-

180 1893 361 1975 struantur,
390 1911 484 1978 arque
513 1893 587 1961 idco
607 1923 611 1931 ¹
630 1896 831 1981 probabilitas
862 1895 1043 1966 auferatur.

183 1981 294 2068 Itaque
314 1977 348 2045 in
357 1976 448 2063 sensu
469 1979 640 2066 compostto,
661 2000 699 2048 ut
715 1981 949 2066 ajuntsoooloe,
969 2005 1046 2049 uon·

180 2082 230 2134 tra
251 2063 480 2134 certitudinem
495 2065 640 2152 quamvis
659 2064 748 2141 nullo
765 2068 862 2136 modo
878 2071 971 2138 datur
979 2091 1047 2153 pro-

180 2151 344 2234 habilitas,
367 2175 466 2238 neque
476 2151 849 2239 contraprobabilitatem
866 2154 1045 2235 certitudo,
1095 2213 1099 2220 .
1158 2169 1167 2178 ’·
1197 2214 1202 2223 ,

180 2261 285 2309 eura.
313 2236 446 2307 srdatur
463 2260 653 2328 preceptum
670 2257 814 2324 certum,
837 2263 904 2330 pars
924 2238 1045 2329 oppost-

180 2340 215 2393 t'a
232 2349 299 2396 non
326 2324 369 2394 eli
385 2325 582 2415 probabilia,
603 2325 676 2395 &st
701 2349 740 2396 ex
757 2351 821 2395 una
844 2345 930 2416 parte
953 2329 1044 2396 datur

179 2411 411 2499 probabilitas,
445 2436 483 2481 ex
509 2412 570 2482 alia
589 2437 654 2480 non
683 2413 776 2482 datur
801 2415 947 2502 precepti
977 2434 1044 2483 cet·

178 2499 306 2584 riardo,
334 2498 408 2588 quia
427 2523 526 2568 uuum
551 2499 688 2568 alterum
711 2499 831 2585 tollit,
853 2521 886 2572 at
903 2501 970 2571 dati
988 2523 1043 2588 po-
1088 2557 1092 2565 .

176 2587 235 2654 test
260 2586 395 2671 insensu
409 2586 527 2671 dioifir,
551 2587 647 2654 modo
669 2587 703 2656 dt
718 2587 789 2658 casu
808 2587 990 2676 explicato.
1171 2654 1173 2659 .

220 2674 297 2740 Cor.
325 2672 417 2741 Hinc
448 2673 657 2760 probabilitas
694 2675 817 2759 nonnisi
842 2673 1043 2766 argumentis

176 2759 276 2828 certia
299 2758 412 2827 destrui
440 2760 564 2846 potest,
587 2761 750 2830 certitudo
770 2787 856 2832 vero·
870 2763 971 2833 etiam
996 2785 1044 2830 ao·

175 2847 337 2934 gumeutis
355 2845 587 2933 probabilibus3
608 2848 763 2938 undequi
784 2850 858 2919 vult
876 2850 1043 2940 impugna·

178 2955 212 3003 re
235 2933 513 3020 probabilitatem,
529 2939 550 3014 ·(
564 2934 717 3024 intellige
730 2935 858 3024 pofitr‘ve
875 2942 921 3020 ),
947 2937 1043 3005 debet

177 3019 334 3108 principia
356 3039 442 3090 certa
469 3021 636 3091 adhibere:
658 3025 758 3103 (nam
774 3022 914 3114 negative
929 3020 1045 3091 sufficit

175 3107 356 3210 ostendere²
372 3107 500 3178 destitui
517 3131 588 3177 eam
601 3107 814 3178 ¹fundamento
829 3109 961 3198 gravi):
976 3107 1039 3195 ‘qui

151 3255 154 3259 .
173 3215 254 3261 uero
276 3195 526 3278 ccrtttudiuem,
549 3194 692 3277 latieest,
708 3197 870 3265 utaffcrat
888 3193 1044 3282 principia

176 3295 305 3349 tantum
329 3281 517 3368 probabilia.
539 3284 586 3349 Ex
610 3305 675 3370 quo
699 3282 800 3350 rursus
828 3281 946 3370 liquet,
968 3299 1043 3380 pro·-

176 3361 379 3437 btbilitatem
413 3392 468 3455 per
493 3365 802 3524 probabilioritatem
838 3393 904 3437 noa
938 3366 1044 3452 elrdi,

77 3516 82 3545 ‚
177 3471 215 3518 ac
243 3454 410 3539 enoda,
433 3474 469 3526 ut
520 3455 752 3527 robabilioristae
774 3475 905 3544 putant.

222 3590 317 3690 [ι’
412 3614 416 3620 “
534 3593 685 3714 Ι1Ι4
907 3600 1000 3720 Quat}
1084 3599 1088 3610 ¹
