3192 4592
593 475 651 542 188
717 471 1242 544 ,Pnonan'rars'uur's'

546 604 635 676 elefia
659 599 809 682 adjettam
841 599 993 683 majorem
1016 598 1307 691 commentationis
1316 604 1353 687 Ϊ,,
1367 601 1402 672 tt

543 687 773 780 approbationis
799 685 1023 759 celebritatem
1050 741 1058 757 .
1096 691 1131 758 Si
1156 713 1236 758 vero
1257 689 1296 756 de
1323 688 1404 758 alio·

546 801 616 846 tum
642 776 831 844 Dostorunt.
852 795 1122 866 quorumcumque
1153 776 1307 846 Doelrina
1328 800 1405 844 ‚non

544 861 713 950 approbata
739 863 842 930 sermo
867 863 930 948 est,
951 867 982 932 S.
1002 865 1141 933 Thomae
1156 913 1167 948 ,
1185 863 1277 934 :sieut
1303 865 1405 942 etiam

545 955 576 1022 S.
595 951 714 1020 Bonav.
731 951 885 1018 Dollrina
908 952 1024 1038 prestat
1050 953 1087 1020 in
1112 976 1169 1035 eo,
1189 949 1274 1039 quod
1297 950 1407 1020 Paele-

544 1038 586 1107 sta
603 1037 656 1105 suo
675 1035 812 1120 judicio,
833 1062 870 1106 ac
894 1039 1089 1109 authoritate
1107 1058 1211 1108 certos
1230 1050 1293 1106 'nos
1308 1033 1410 1121 facit,

436 1171 439 1178 ·
544 1148 656 1194 omnes
682 1125 808 1194 illorum
836 1126 968 1195 duorum
995 1127 1166 1197 sententias
1188 1125 1249 1194 etse
1265 1125 1408 1194 absolute

544 1211 746 1302 probabiles,
768 1213 803 1279 δι
833 1212 867 1280 in
894 1214 981 1300 praxi
1008 1233 1112 1298 tutas,
1134 1213 1186 1283 seu
1210 1211 1302 1280 omni
1320 1211 1411 1292 cnju-

543 1301 691 1388 stumque
709 1300 827 1370 erroris
852 1320 924 1368 tum
948 1298 1135 1388 speculativi
1164 1300 1227 1381 jam
1251 1297 1407 1385 cogniti,

543 1407 616 1458 tum
641 1388 766 1474 praelici
781 1387 967 1474 ¹suspicione
992 1409 1122 1456 catere.
1153 1383 1247 1469 Quod
1267 1383 1306 1452 de
1333 1383 1411 1451 aliis

543 1475 734 1557 Ductoribus
750 1497 815 1544 non
834 1472 1010 1571 approbatis
1035 1490 1142 1552 certo,
1163 1494 1200 1539 ac
1214 1469 1409 1538 authentico

542 1559 683 1630 Ecclesia
708 1560 888 1629 testimonio
914 1559 1056 1626 nondum
1082 1554 1282 1644 exploratum
1299 1557 1360 1624 est.

584 1668 616 1729 9.
642 1650 747 1732 Atque
772 1647 838 1715 haec
861 1645 964 1713 obiter
985 1645 1068 1714 uitta
1091 1643 1179 1728 sint,
1200 1662 1237 1712 ut
1264 1642 1408 1711 Thorni-

542 1734 656 1804 statum
680 1733 872 1802 sententiam
897 1733 936 1800 de
961 1731 1072 1814 majori
1096 1731 1320 1819 approbatione
1339 1731 1412 1798 Do-

542 1819 649 1890 llrinae
666 1823 708 1887 D.
726 1819 864 1890 Thomae
879 1843 941 1906 prae
957 1823 989 1887 S.
1007 1822 1126 1904 Bonae.
1145 1817 1319 1900 Doctrina,
1340 1841 1406 1886 non

541 1906 604 1976 stne
621 1905 766 1974 examine
782 1907 890 1994 aliquo
897 1905 1131 1993 exciperemus.
1148 1907 1312 1972 Ceterum
1328 1903 1403 2004 quia

542 2017 607 2061 nnn
624 1991 682 2060 nist
698 1993 832 2060 omniun
850 2012 955 2074 certa,
977 1993 1011 2060 ἃ
1028 2017 1046 2060 a
1063 1989 1318 2060 Probabilioristis
1338 1989 1409 2078 tpfis

375 2075 441 2158 (a)
453 2092 506 2162 per
543 2079 670 2148 admilla
695 2078 731 2145 in'
754 2078 815 2150 hoc
843 2083 949 2166 Opere
971 2078 1120 2148 sumenda
1147 2077 1220 2146 sunt
1245 2081 1335 2161 (a),
1359 2077 1406 2144 id·

378 2163 520 2249 Praemap.
543 2167 629 2237 circo
656 2165 691 2234 in
715 2167 811 2253 Supp.
829 2170 879 2235 28.
904 2166 1060 2246 diximus,
1082 2163 1411 2233 D.Bonav.1)0ttri-
1507 2169 1509 2174 ’

545 2278 620 2323 narn
648 2253 706 2320 ette
728 2251 890 2340 aequaliter
916 2255 1015 2341 quoad
1030 2249 1230 2336 substantiam
1258 2250 1409 2344 approba·
1508 2302 1510 2308 ,

544 2359 630 2410 tam.
648 2339 831 2409 Potrohanc
849 2337 1297 2426 substantialisapprobationis
1307 2361 1405 2426 aqua·

546 2427 672 2498 litatem
698 2425 834 2496 libenter
859 2428 1032 2513 accipimus
1067 2426 1103 2492 in
1130 2426 1191 2493 hoc
1221 2423 1323 2493 solum
1348 2425 1407 2494 etse

588 2515 696 2595 sitam,
718 2513 917 2600 quodetiam
938 2515 1001 2600 ipsa
1017 2512 1053 2581 lit
1078 2512 1160 2587 inse
1182 2509 1322 2580 absolute
1340 2535 1409 2599 pro-

545 2538 676 2682 bibitis,
697 2600 731 2666 δι
756 2601 827 2670 tuta
848 2600 938 2680 (hoe
963 2600 1050 2669 enirn
1075 2599 1221 2668 contenti
1242 2598 1350 2666 sumus
1366 2603 1407 2679 ):

543 2686 627 2774 quod
649 2685 797 2774 utrinque
821 2705 973 2776 tanquam
994 2705 1119 2757 certum
1143 2685 1409 2785 habendo-mest.

587 2772 681 2858 Quod
699 2773 741 2842 est
757 2791 868 2842 autem
889 2777 927 2842 ad
938 2774 1177 2852 Thontistarum
1194 2773 1407 2856 sententiam,

544 2857 717 2931 liberaliter
740 2859 779 2933 iis
802 2859 937 2944 damus,
969 2862 1013 2928 1),
1036 2861 1201 2929 Thomam
1224 2859 1409 2948 Theologo÷

545 2971 615 3016 tum
638 2946 785 3039 olnnium
795 2947 973 3034 Principem
982 2946 1057 3016 else:
1081 2949 1189 3015 damus
1204 2947 1322 3029 etiam,
1343 2947 1410 3029 ejus

544 3032 735 3105 Dotltinam
755 3057 823 3121 prae
848 3035 999 3105 Doctrina
1026 3038 1068 3120 D.
1093 3037 1213 3105 Bonau.
1240 3032 1340 3103 etiam
1356 3056 1410 3120 ap·

543 3121 707 3274 probatam
726 3120 898 3206 indfinite,
914 3122 1157 3204 indeterminate,
1167 3125 1338 3211 plerumque
1354 3143 1409 3190 ve·

558 3209 606 3277 uti
633 3208 824 3296 probabilior
896 3260 904 3277 .
927 3212 982 3278 Sat
1009 3208 1100 3277 nobis
1121 3209 1191 3292 ell,
1222 3227 1259 3276 ut
1283 3207 1406 3275 diceba·

542 3318 642 3452 tlt
664 3294 1165 3452 {tltttlttlltttlllt
1181 3293 1410 3463 blll'ii‘ln’

541 3405 740 3557 ipsuntpoegre
755 3468 877 3553 ferant,
893 3409 933 3540 bi
954 3470 1025 3536 dare
1038 3463 1169 3548 nolint,
1191 3467 1278 3534 nihil
1293 3463 1410 3535 referta
1420 3487 1434 3514 ·’

544 3555 636 3624 Nam
669 3579 769 3642 neque
796 3555 874 3626 istuc
907 3557 946 3625 ab
974 3553 1089 3624 invitis
1115 3553 1375 3708 extorquebirpus
1398 3599 1411 3619 .-

1337 3657 1364 3707 rt

631 3713 671 3751 Ν
