3192 4592
328 511 797 583 Memrrrrrnbmonsr.
816 507 849 576 Ρ.
860 507 888 574 Ι.
944 526 1000 592 141
1019 537 1021 542 ·

185 641 229 711 no
245 642 355 730 Legis,
378 639 400 709 fi
422 640 506 709 l'orte
528 639 643 708 adesta
665 655 753 727 parte
775 637 842 722 rei,
865 636 903 706 ad
925 635 1051 726 culpam

177 731 335 814 formalem
358 753 422 817 non
446 727 491 796 im
515 745 643 796 utetur.

190 837 195 845 ’
236 839 263 884 r.
286 817 347 886 Sed
370 816 474 884 haece
498 839 516 884 e
538 815 630 898 talla,
654 810 708 881 vel
732 809 869 881 recidere
886 811 919 879 in
941 833 1053 880 eorum

188 923 303 989 caput,
326 902 524 971 manifestum
547 902 606 969 est.
630 900 764 968 Etenim
784 900 868 986 quod
890 897 1049 986 operatio-

185 991 239 1055 nis
262 990 460 1076 prudentiam
484 989 617 1074 spedlat,
640 988 744 1074 ptimo
764 1009 840 1054 cum
858 984 1051 1052 Probabilio·

187 1075 265 1142 ritas
291 1100 355 1143 non
379 1075 416 1143 stt
442 1077 548 1157 realis,
570 1075 719 1158 abfirluta,
741 1075 775 1140 ἃ
797 1071 970 1156 objetliva,
1001 1069 1052 1138 scd

183 1162 353 1248 subjcdliva
374 1180 522 1246 tantum,
538 1180 709 1250 epponem,
732 1161 765 1227 &
786 1158 964 1249 respedlr'oa,
989 1161 1053 1240 (a)
1092 1165 1152 1245 (a)
1170 1181 1224 1252 per

97 1299 101 1304 .
192 1271 235 1314 an
250 1247 311 1318 erit
341 1248 503 1337 prudentis
532 1247 565 1314 in
592 1246 722 1316 incertis
744 1245 949 1314 committere
975 1242 1054 1313 salu·
1092 1251 1221 1318 Schola.

193 1353 261 1403 teor
286 1335 399 1406 animae
421 1335 455 1402 in
474 1357 571 1403 manu
596 1332 716 1404 consrlii
741 1333 786 1401 lui
805 1379 815 1414 ,
837 1333 871 1400 dc
893 1331 1054 1420 relinque·
1094 1338 1223 1424 Dejnd.

193 1444 227 1489 re
251 1423 479 1504 securitatem,
504 1446 572 1509 quae
595 1422 629 1489 in
652 1438 737 1490 certa
758 1418 974 1488 observatione
999 1421 1057 1485 Le⁴
1095 1446 1222 1510 27,n.4

193 1507 244 1594 gis
266 1510 478 1580 continetur?

235 1618 265 1661 2.
288 1597 437 1666 Praeterea
459 1595 513 1664 vel
529 1593 793 1686 estimprudcntia
809 1593 838 1663 se
849 1593 957 1692 sponte
967 1611 1056 1662 com-

195 1681 327 1751 mittere
345 1683 483 1770 periculo
499 1684 655 1754 violandae
672 1682 791 1772 Legis,
816 1679 836 1748 sr
855 1683 935 1750 lorte
953 1680 1055 1765 adell,

197 1767 253 1836 vel
269 1791 352 1835 non.
375 1770 409 1837 Si
428 1769 585 1854 primum:
605 1771 704 1859 igitur
722 1769 939 1856 imprudenter
956 1786 1056 1856 agunt

190 1854 295 1921 etiam
315 1854 588 1938 Probabiliorillae,
609 1858 758 1945 eligendo
776 1855 965 1941 opinionem
986 1877 1056 1941 pro·

194 1938 381 2007 habiliorem
404 1939 544 2010 libertati
568 1942 749 2024 faventem,
770 1944 845 2027 quia
867 1941 925 2009 hac
949 1942 1059 2029 proba-

194 2015 372 2094 bilioritate
396 2051 468 2093 non·
484 2029 652 2112 obstante,
682 2029 720 2094 ab
743 2028 804 2094 hoc
827 2025 969 2112 periculo
991 2049 1057 2114 nort

99 2113 104 2122 ’
193 2112 401 2196 eximuntur,
423 2137 496 2181 curn
512 2114 577 2182 haec
594 2137 659 2181 non
681 2113 818 2196 efficiat,
839 2113 917 2200 quin
935 2133 1007 2180 eao
1029 2112 1056 2179 i·

195 2198 251 2264 nio
274 2197 313 2267 srt
334 2198 474 2295 absolute
492 2200 634 2285 incerta,
655 2200 788 2288 ideoque
812 2201 902 2286 poffit
925 2198 983 2268 effe
1002 2137 1059 2266 lll-

156 2357 159 2362 ,
195 2282 245 2352 sa.
267 2286 308 2354 Et
334 2287 469 2373 proledio
492 2288 676 2357 Tutiorillae
696 2304 833 2374 negant,
855 2285 890 2353 in
917 2284 966 2353 his
983 2285 1057 2355 casr-
1117 2321 1119 2327 ·

197 2373 255 2440 bus
281 2373 326 2440 ita
351 2373 535 2474 legerere,
558 2375 717 2462 prudentis
744 2374 885 2441 hominis
907 2374 992 2441 effe.
1024 2370 1059 2442 Si

195 2459 383 2530 secundum:
408 2461 506 2549 rgitut
527 2486 628 2551 neque
652 2460 859 2530 Probabilillae
881 2477 978 2548 agunt
995 2458 1059 2528 im-

197 2547 392 2634 prudenter,
422 2551 499 2616 dum
523 2573 576 2636 per
598 2550 787 2620 electionem
811 2546 971 2634 opinionis
993 2545 1057 2614 mi-

193 2657 255 2733 nus
276 2634 443 2721 probabilis
458 2635 563 2720 eidem
585 2636 615 2706 se
638 2636 798 2723 aqualiter
816 2632 956 2721 periculo
971 2655 1062 2704 com·
1088 2649 1091 2656 ’

197 2737 355 2791 mittunt.

189 2837 193 2846 ·
241 2831 271 2896 3.
301 2809 450 2879 Tandem
480 2823 556 2879 eum
586 2810 684 2879 etiam
715 2811 750 2879 in
784 2808 1060 2880 Probabiliotismo
1188 2879 1189 2882 ,
1261 2821 1266 2836 ’

189 2895 387 2982 supponatur
409 2899 474 2964 Lex
496 2894 644 2982 exiliens,
666 2899 700 2968 δι
726 2900 892 2966 authentice
919 2894 1060 2983 promul·

188 3000 269 3071 gata
285 2984 366 3066 (b)e
388 2989 550 3071 quomodo
567 2985 627 3053 erit
646 2984 810 3073 prudentia
826 2982 975 3072 ampledii
991 2981 1060 3068 opi·
1100 2989 1165 3074 (b)
1180 3007 1234 3081 per

196 3069 328 3138 'trionem
346 3070 376 3138 ei
400 3070 477 3157 Legi
494 3071 715 3141 obsrllentem?
739 3095 778 3140 an
803 3096 869 3141 non
891 3071 933 3138 est
955 3069 1059 3136 mani·
1088 3079 1170 3146 'cog
1196 3098 1228 3162 4,

197 3156 308 3224 lelium
327 3175 491 3244 peccatum
507 3158 537 3228 se
559 3182 716 3246 opponere
739 3160 817 3246 Legi
840 3153 1002 3238 existenti,
1023 3178 1059 3224 ac
1099 3167 1235 3254 Supp.4.

197 3243 404 3332 promulgatae
420 3247 508 3326 (c)?
531 3245 634 3314 immo
655 3247 851 3333 quommodo
870 3242 1060 3332 probabilior
1098 3255 1160 3334 (c)
1180 3269 1233 3338 per

199 3349 239 3424 ea
261 3328 372 3413 opinio
398 3330 457 3400 erse
480 3335 602 3418 potest?
623 3335 737 3403 Eitea.
765 3333 798 3400 in
823 3331 989 3421 quaestione
1020 3331 1059 3397 dc
1100 3337 1192 3426 Desa
1198 3359 1229 3425 3.

201 3416 443 3486 circumstantiis
466 3418 651 3490 notabiliter
679 3419 948 3509 aggravantibus:
979 3440 1061 3506 quo-
1089 3423 1144 3492 (9¹
1165 3427 1231 3492 Ax.

192 3499 300 3567 modo
325 3504 493 3588 prudenter
511 3508 719 3593 operabitur,
741 3507 796 3596 qui
820 3529 870 3576 eas
895 3529 958 3573 non
981 3527 1059 3574 con·
1117 3533 1165 3596 ¹9·

164 3641 167 3646 .
201 3587 350 3672 fitentur,
371 3589 481 3662 duum
499 3593 650 3679 opinione
671 3591 899 3683 probabiliore,
920 3590 1005 3748 qupld
1020 3589 1060 3659 ad

234 3689 241 3726 ·'
277 3718 282 3726 ·
310 3714 315 3723 ·
950 3704 960 3747 r
988 3697 1019 3748 as
