3192 4592
601 499 665 566 ago
759 474 1248 546 Pitonia’riis'urus

556 608 659 680 sitatis
681 603 791 688 ratio,
822 604 857 674 dr
879 604 971 675 caiisa
990 604 1061 688 ell,
1090 602 1176 691 quod
1206 600 1284 672 fides
1307 599 1426 687 pendet

558 720 598 765 ex
621 692 684 762 sola
705 691 862 775 veritate,
883 688 1175 762 &infallibilitate
1193 688 1427 769 Dnitevelam

559 784 630 865 tis,
652 801 756 850 mores
781 798 894 848 autem
914 779 1016 849 etiam
1038 801 1078 849 ex
1105 774 1330 859 conscientia,
1353 775 1426 862 opi·

385 867 448 947 (a)
460 882 514 954 per
558 871 675 952 irione,
696 890 732 937 ac
751 867 942 954 persuasione
967 865 1059 953 ipsius
1074 865 1260 955 operantis.
1283 865 1430 943 (ἠΰπ-

385 953 483 1021 idem·
558 958 597 1026 de
622 955 693 1040 ell,
722 953 807 1043 quod
834 953 995 1024 certitudo
1026 954 1127 1038 fidei,
1157 953 1209 1021 seu
1234 949 1429 1032 objetiorum

560 1044 625 1126 ejus
648 1043 690 1112 est
712 1042 873 1128 suprema,
896 1044 931 1111 &
949 1038 1154 1126 infallibilis,
1179 1039 1311 1125 ideoque
1327 1037 1429 1118 major

560 1130 673 1210 etiam¹
686 1129 918 1216 metaphysica,
939 1151 976 1200 ac
990 1127 1220 1200 mathematica
1243 1125 1253 1193 i
1277 1125 1307 1193 sa
1329 1126 1425 1194 certi-

560 1219 702 1317 tudine,
732 1217 766 1286 δι
783 1215 975 1299 evidentia,
1007 1238 1200 1304 quamquam
1231 1150 1288 1281 illa
1309 1213 1360 1280 ,ob
1381 1209 1428 1280 siri

560 1305 809 1387 obscuritatem,
830 1303 1111 1374 &inevidentiam
1136 1299 1344 1373 Intellefibuni
1361 1321 1434 1368 om·

560 1393 641 1462 nino
664 1415 729 1460 non
751 1409 873 1478 cogat,
904 1391 983 1460 sicut
1007 1389 1062 1458 ista
1078 1436 1098 1456 .-
1127 1387 1301 1458 Certitudo
1331 1410 1432 1469 veto,

560 1477 774 1550 &evidentia
792 1479 832 1546 de
849 1477 988 1546 veritate
1005 1474 1183 1544 soliustidei
1202 1473 1328 1556 nostrae,
1345 1472 1434 1540 ideo-

560 1590 622 1654 que
645 1565 684 1636 de
707 1562 921 1634 credibilitate
943 1586 1075 1645 eorum,
1095 1561 1244 1649 quaefide
1260 1558 1434 1630 continens

562 1671 634 1738 tur,
656 1653 699 1722 est
722 1669 851 1720 tantum
872 1649 1022 1731 moralis,
1043 1649 1225 1738 &quidem
1248 1671 1313 1714 non
1330 1647 1433 1735 perfe-
1483 1705 1492 1713 .

561 1739 637 1826 sla,
660 1736 834 1819 cujusmodi
861 1738 904 1805 est
930 1737 1021 1819 hujus
1046 1734 1294 1824 propositionis:
1327 1730 1429 1816 existit

562 1829 693 1897 Roma:
717 1850 786 1912 quae
802 1825 882 1894 adeo
902 1823 943 1894 ad
958 1823 1111 1893 assensum
1133 1821 1242 1910 cogit,
1264 1837 1301 1890 ut
1325 1819 1431 1888 nerni-

564 1914 600 1982 ni
624 1911 756 1981 dubium
779 1910 963 2066 relinrpuat,
986 1910 1037 1979 sed
1058 1910 1256 2010 impersesla.
1289 1908 1432 1976 Consur-

564 2001 614 2090 git
637 2000 726 2070 eninr
756 2022 796 2070 ex
817 1997 871 2086 qui
896 1998 1004 2070 uldam
1029 1997 1191 2079 irretivit,
1224 2013 1261 2064 ut
1283 2013 1431 2080 vocant,

565 2088 822 2174 Credibilitati's,
854 2086 918 2168 jam
945 2085 1059 2168 notis,
1081 2109 1154 2173 ‹111ae¹
1170 2085 1248 2155 licet
1273 2082 1373 2165 satis,
1393 2106 1432 2154 ac

566 2173 854 2264 superabundanter
886 2172 983 2244 Viros
1006 2172 1204 2260 prudentes,
1234 2170 1435 2241 &cordatos

608 2262 752 2332 rsuadete
774 2257 933 2344 valeant,
954 2283 991 2330 ac
1013 2280 1147 2344 certos,
1169 2261 1205 2329 δι
1222 2260 1343 2329 securos
1366 2258 1435 2327 red,

566 2289 660 2434 lire,
683 2373 749 2419 non
767 2366 877 2417 tamen
894 2370 1007 2421 omnes
1032 2365 1171 2436 cogunt,
1193 2346 1271 2419 sicut
1293 2346 1430 2415 cerritu-

566 2439 609 2510 do
632 2435 762 2508 moralis
785 2431 924 2522 perses’ia
945 2434 1146 2522 supradisla,
1176 2453 1212 2504 ut
1234 2431 1434 2518 experientia

564 2526 590 2596 li
614 2544 695 2596 uet.
728 2525 774 2590 Ex
790 2546 856 2610 quo
873 2523 937 2603 fit,
958 2524 1043 2611 quod
1066 2542 1136 2616 tam
1156 2521 1196 2592 de
1219 2520 1345 2601 objectis
1354 2518 1435 2620 ‚ipsis

565 2550 671 2697 fidei,
692 2609 840 2699 quamvis
862 2609 898 2711 iu
914 2610 944 2678 se
962 2610 1172 2694 certissimis,
1189 2633 1230 2708 'ac
1257 2605 1436 2678 infallibili·

565 2701 623 2780 bus
647 2747 663 2788 Ι,
692 2721 788 2786 quam
818 2695 1021 2770 desrllorum
1050 2695 1267 2768 credibilrtate
1300 2695 1435 2766 dubium

565 2785 781 2875 quandoque,
804 2783 885 2856 licet
906 2784 1270 2874 omninoimprudens,
1290 2784 1370 2854 oriri
1387 2785 1437 2852 lo÷

565 2874 657 2957 leat,
688 2897 724 2968 ac
750 2872 871 2960 possit.
911 2872 1026 2942 Oritur
1049 2872 1139 2943 euim
1170 2869 1264 2940 illinc
1296 2872 1339 2940 ob
1370 2870 1439 2940 irie·

564 2960 782 3046 uidentiam,
822 2959 872 3028 uti
898 2959 1075 3046 diximus,
1105 2961 1149 3035 ,ἃ
1180 2959 1437 3042 obscuritatem,

564 3049 642 3123 hinc
665 3049 706 3138 ob
723 3044 879 3120 moralem
913 3065 1045 3117 tantum.
1071 3046 1273 3137 imperseslm
1303 3042 1437 3116 eviden.

564 3136 676 3219 tiam,
707 3140 743 3205 ic
770 3134 1002 3210 certitudinem
1026 3182 1036 3202 .
1080 3137 1162 3221 Qua
1185 3132 1297 3204 omnia
1334 3130 1439 3202 etiam

564 3222 682 3310 pluries
706 3221 801 3307 alias,
825 3244 939 3311 nempe
957 3217 1064 3294 Schol.
1083 3221 1156 3293 Def.
1181 3244 1208 3310 ς.
1231 3244 1265 3289 u.
1287 3243 1313 3289 i.
1332 3219 1367 3294 δι
1386 3239 1436 3306 5.:

565 3311 601 3380 δι
617 3311 694 3380 Cor.
718 3313 748 3377 6.
766 3333 867 3394 7·.¹2·
891 3334 941 3400 ³3·
958 3311 1022 3379 Ax.
1037 3331 1069 3394 9.
1083 3331 1132 3376 ro.
1149 3335 1158 3377 ε
1182 3310 1216 3380 &
1230 3305 1341 3380 Schol.
1360 3308 1441 3376 Cor.

567 3399 618 3554 Es.
646 3397 708 3465 Ax.
732 3397 908 3470 eorundem
930 3419 1021 3466 num.
1040 3417 1069 3466 a.
1099 3395 1166 3480 jam
1195 3396 1332 3468 anobis
1354 3395 1440 3466 tatia

608 3499 662 3550 nt·
971 3544 975 3552 ,

572 3639 575 3648 ,
613 3569 718 3654 Sicut¹
729 3569 830 3660 igitur
841 3593 920 3648 ison
946 3585 1095 3643 tenemur
1110 3569 1257 3660 credere,
1274 3570 1335 3644 nili
1351 3568 1440 3724 qlpod

981 3684 985 3695 ·
1349 3680 1367 3729 e
