3192 4592
614 471 678 556 338
765 463 1268 544 Prounurursurus

563 595 724 684 semesi,
753 595 807 664 ubi
827 593 941 662 veritas
969 588 1172 683 ambigua-cst
1191 613 1201 672 ς
1220 591 1314 680 ‘quod
1335 597 1372 662 in
1398 595 1458 662 har

568 681 720 774 quaestione
734 683 861 765 accidit,
882 681 958 768 quia
974 681 1171 750 inueniuntur
1188 679 1329 772 Theologi
1348 682 1457 750 Theo-

567 773 661 859 logis,
684 774 727 838 U*
744 766 862 852 Jurillae
879 765 1005 853 Juristis
1026 770 1173 836 contraria
1187 767 1324 852 sentire:
1350 793 1391 838 ca
1420 792 1458 836 a⁴

568 858 707 944 ptiffime
730 854 892 943 intelligi,
915 857 949 924 bt
971 854 1122 942 explicari
1145 854 1271 942 poliunt
1288 855 1327 925 de
1344 856 1457 924 ambi·

568 945 715 1033 gnitate,
733 967 769 1014 ac
791 942 955 1012 dubietate
978 942 1129 1030 prodier,
1152 941 1186 1012 &
1209 941 1327 1016 direiia
1342 993 1353 1026 ,
1368 943 1452 1012 ›rni-

404 1044 467 1135 (ᾳ)
479 1053 532 1127 per
569 1032 658 1100 nime
680 1031 718 1100 de
741 1028 963 1114 speculativa,
993 1032 1028 1100 ἃ
1050 1029 1164 1100 reflexa
1180 1033 1272 1113 (a).
1302 1031 1452 1102 Pradiica

403 1136 483 1198 Can.
501 1128 530 1192 6.
569 1137 706 1202 autern,
736 1120 771 1188 8<
791 1117 909 1188 diretta
934 1119 1049 1188 redere
1080 1137 1170 1190 certo
1199 1119 1358 1188 removeri
1381 1127 1453 1207 {po-

399 1220 533 1301 (b)per
570 1209 659 1288 test(
694 1210 736 1289 ).
861 1289 868 1306 ο
1084 1291 1091 1307 ⁸

402 1306 531 1377 schum.
613 1297 709 1380 Qrod
732 1293 769 1362 td
793 1311 955 1378 tertium,
986 1315 1060 1364 cum
1083 1317 1109 1362 ts
1134 1289 1222 1364 locus
1243 1290 1282 1361 lit
1304 1319 1370 1362 non
1398 1294 1451 1360 so·

407 1398 551 1481 Propro.
569 1381 638 1450 lum
661 1381 833 1467 obscurus,
865 1381 916 1450 led
941 1383 1090 1452 omnium
1113 1380 1371 1467 obscurilsrmuu,
1407 1405 1449 1449 eo

408 1510 438 1550 n,
449 1486 480 1548 8,
570 1466 706 1537 minime
729 1467 876 1540 omniurn
894 1468 1058 1557 quidpiam
1083 1469 1248 1542 conficitur
1266 1473 1349 1550 (c).
1386 1471 1449 1536 Tu

406 1570 535 1657 (⁰)P“
569 1555 792 1642 premetter,
810 1549 1061 1646 periculumfac,
1076 1557 1188 1646 atque,
1208 1555 1449 1630 seclula'etiam

406 1660 526 1726 cam,
570 1645 788 1730 interpretum
811 1641 1021 1727 dissensione,
1054 1642 1161 1714 locum
1183 1641 1446 1715 else'i'ntellee'lu

571 1729 664 1798 valde
685 1726 850 1801 difficilem
873 1731 1095 1818 experimento
1120 1732 1306 1822 cognoscet.
1329 1731 1371 1800 Et
1397 1751 1444 1797 ta·

572 1840 649 1886 men
671 1815 733 1887 hoc
756 1810 827 1889 loco
851 1819 1094 1888 Probabilismus
1117 1844 1134 1887 a
1158 1823 1200 1888 D,
1218 1819 1349 1887 Tborua
1372 1815 1442 1886 evi·

572 1906 702 1990 denter,
723 1903 745 1972 st
767 1909 845 1976 Dro
864 1905 987 1994 placet,
1008 1904 1137 1987 rejectus
1154 1908 1214 1976 est,
1236 1905 1331 1994 Quod
1353 1928 1443 1974 ave-

573 1993 669 2060 titate
695 2011 804 2064 tamen
827 1989 1004 2080 longissime
1027 1993 1123 2062 abeffe
1146 1994 1226 2063 illud
1250 2015 1450 2093 magnopere,

573 2081 766 2161 confirmat,
789 2083 823 2150 dc
845 2081 929 2169 quod
955 2081 1054 2149 etiam
1080 2077 1289 2150 Probabilistae
1306 2079 1359 2168 rpli
1376 2079 1438 2148 lroc

573 2169 686 2238 codem
712 2167 845 2236 locoad
870 2167 1062 2255 probandum
1088 2191 1127 2238 ex
1151 2171 1193 2237 D.
1217 2166 1348 2236 Thomu
1371 2165 1442 2236 lici-

573 2275 646 2323 tum
671 2251 890 2324 Probabilismi
922 2257 1019 2324 usum·
1044 2256 1182 2324 maxime
1213 2273 1375 2338 utuntur,
1407 2253 1439 2322 δι

572 2341 657 2428 quod
680 2366 745 2410 non
767 2341 931 2430 distinguit
956 2345 987 2412 S.
1016 2345 1110 2412 Dost.
1132 2344 1171 2412 de
1194 2341 1358 2431 Opinione
1382 2342 1440 2409 mi-

571 2453 647 2513 nus,
664 2453 767 2516 nque,
788 2430 842 2500 vel
865 2431 962 2519 magis
986 2429 1157 2514 probabili,
1179 2430 1230 2500 sed
1252 2431 1291 2500 de
1313 2424 1438 2516 opinio-

570 2515 667 2586 nibus
691 2519 860 2587 contrariis
892 2515 1108 2604 magistrorum
1139 2517 1312 2590 universim
1343 2511 1443 2604 loqui-

572 2620 646 2700 tut3
662 2603 789 2757 &puod
804 2605 937 2674 affirmat
953 2605 1087 2688 diserte,
1104 2630 1167 2673 non
1186 2625 1312 2692 peccate
1330 2624 1443 2690 quem-

572 2712 685 2775 piam,
719 2713 729 2756 1
752 2715 790 2760 ex
813 2692 981 2761 contrariis
1002 2693 1205 2780 opinionibus
1229 2691 1263 2760 in
1277 2691 1444 2760 dubitatio,

570 2801 637 2842 nem
661 2801 726 2844 non
749 2778 940 2861 adducatur,
962 2780 996 2848 ἃ
1012 2779 1097 2866 quod
1112 2778 1174 2848 elia
1191 2775 1290 2863 dicit,
1314 2799 1352 2847 ex
1369 2778 1442 2868 qui·

570 2865 627 2932 bus
641 2863 719 2934 bene
728 2863 947 2951 consideratis,
968 2885 1062 2954 atque
1081 2867 1230 2954 perpensrt
1248 2861 1443 2936 ratiocinan-

571 2955 613 3022 do
635 2952 781 3042 legitime
807 2952 916 3042 colligi
941 2953 1051 3042 pollrt,
1074 2955 1104 3022 S.
1131 2955 1225 3024 Dori.
1251 2952 1443 3022 Probabilis-

573 3065 663 3110 mum
686 3041 855 3110 admisrffe.
881 3042 966 3110 Vide
981 3038 1156 3128 Scriptores
1173 3043 1257 3112 huuc
1273 3041 1379 3110 locurn
1399 3065 1442 3110 ert

594 3126 704 3198 tofclso
721 3129 983 3216 interpretatum,
1004 3151 1039 3198 ac
1057 3129 1279 3199 discutientes.
1302 3127 1363 3198 Sed
1380 3151 1443 3197 nos

571 3154 632 3284 lioc
656 3215 729 3283 loco
751 3216 886 3286 minime
910 3216 953 3284 usr
977 3215 1108 3301 sumus,
1137 3218 1211 3306 quia
1243 3239 1308 3284 non
1338 3216 1444 3286 ambi

570 3327 649 3390 gua,
671 3301 839 3386 inuoluta,
862 3303 998 3388 incerta,
1016 3301 1203 3390 peculiaria,
1221 3303 1442 3388 contentiosa,

403 3395 470 3478 (d)
483 3414 535 3484 per
570 3393 622 3459 sed
644 3390 745 3475 clara,
768 3409 881 3473 certa,
914 3392 946 3460 br
970 3392 1156 3460 communia
1179 3389 1280 3460 lolutn
1302 3413 1321 3476 ⁸.
1346 3391 1442 3460 nobis

405 3487 546 3568 Praem4
571 3478 720 3547 sumenda
745 3478 848 3558 lunt(
887 3481 918 3560 ).
1405 3479 1408 3486 ’

399 3589 432 3661 p.
436 3589 469 3659 p.
612 3569 753 3651 Quartus
768 3563 1001 3651 deniquelocus
1017 3563 1151 3636 denoto
1167 3564 1294 3636 additus
1312 3564 1440 3720 ipppidie
