3192 4592
584 507 646 579 288
752 499 1266 574 P‘nouarrussmu's'

543 643 578 712 &
600 635 735 725 amplius
757 657 828 703 eam
852 631 1098 721 pertraflaruut.
1123 633 1227 715 Quare
1254 637 1293 698 ἐκ
1317 629 1421 703 nullo

542 726 674 878 antiqpo
700 724 838 792 Doiiore
860 721 969 790 exaila
993 717 1080 786 illius
1102 715 1217 786 decisio
1244 718 1422 790 desumenae

542 818 662 883 dael.

548 924 550 927 ·
587 924 617 968 2.
641 897 730 967 Hinc
762 895 795 964 in
824 895 984 964 veteribus
1020 891 1209 963 Aouoribus
1239 917 1305 962 non
1335 895 1416 964 sunt

514 1026 517 1030 >
541 985 705 1077 quaetenda
727 985 821 1052 uerba
844 981 992 1070 praecila,
1022 975 1221 1048 &formalia
1248 1004 1304 1067 pro
1326 981 1417 1050 alte-

520 1094 631 1144 rutra
655 1070 874 1140 Probabilismi
901 1083 1008 1157 parte,
1031 1089 1132 1153 neque
1164 1089 1201 1134 ex
1227 1066 1420 1152 quibusdam

545 1161 713 1242 brevibus,
735 1157 912 1244 ambiguis,
935 1153 1071 1236 luxatis,
1096 1151 1333 1239 purlunlloriis,
1355 1156 1418 1224 ob-

548 1249 671 1330 scuris,
695 1245 771 1316 hinc
794 1243 868 1313 inde
890 1239 1026 1328 dispersus
1050 1239 1128 1308 locis
1147 1288 1158 1322 ,
1175 1239 1240 1308 -sed
1264 1266 1302 1310 ex
1326 1268 1424 1312 conr·

498 1377 500 1381 <
548 1335 696 1404 munibus
711 1355 824 1403 eorum
846 1329 1028 1418 principiis,
1045 1352 1083 1394 ex
1095 1327 1244 1410 ratione,
1264 1351 1301 1398 ac
1318 1332 1422 1400 modo

548 1422 718 1510 loquendi,
736 1418 940 1506 disputandi,
955 1415 1135 1504 quaestiones
1153 1415 1340 1496 dirimendi,
1358 1416 1423 1488 vel

502 1586 507 1601 ἱ
549 1511 656 1598 potius
678 1531 717 1576 ert
744 1506 807 1592 ipsu
834 1506 924 1588 Rei,
947 1505 998 1574 seu
1021 1501 1251 1588 opinabilitatis
1276 1523 1422 1587 natura,

548 1600 723 1668 decorum
747 1611 860 1663 mente
876 1593 917 1662 in
941 1593 1002 1662 hoc
1028 1589 1161 1677 nogotio
1177 1589 1422 1674 diiudicandum

549 1685 608 1755 est.
698 1740 700 1745 .

863 1816 929 1883 11.

594 1950 714 2018 Nemo‘
728 1945 850 2020 Schola
872 1944 1056 2034 Principum
1079 1940 1278 2034 quaestionem
1305 1948 1421 2018 Proba*

550 2034 671 2106 bililmi
707 2039 811 2124 quoad
842 2035 977 2120 primam
1009 2033 1076 2114 eius
1115 2054 1266 2121 partem,
1304 2061 1420 2137 nempe
1520 2085 1523 2090 -

548 2125 654 2213 quoad
677 2126 862 2194 confliiium
886 2125 919 2190 in
942 2119 1134 2210 opinionum
1161 2123 1359 2209 aequalitate,
1383 2147 1421 2192 rn

551 2211 698 2282 terminis
717 2223 777 2299 'p'ro
822 2211 903 2292 suit,
924 2233 960 2278 ac
983 2209 1204 2360 pertratlauit:
1230 2215 1323 2278 Unus
1351 2232 1423 2280 tau*

550 2316 624 2368 tum
648 2300 749 2387 quoad
784 2299 958 2380 ecundam,
995 2297 1058 2367 icet
1081 2297 1135 2364 sub
1157 2296 1226 2363 aliis
1251 2299 1425 2366 terminis..

596 2388 671 2456 Hoc
692 2385 782 2456 euim
806 2386 954 2472 nusquam
979 2383 1013 2450 in
1031 2382 1101 2452 illis.
1119 2383 1291 2470 repetitum
1316 2385 1421 2454 immo

552 2473 712 2562 usquein
737 2475 874 2548 Alberto
897 2473 1045 2558 Magno,
1077 2470 1256 2540 Alexandro
1279 2469 1389 2540 Alenli
1409 2521 1426 2555 ,

553 2587 590 2631 ac
616 2564 646 2630 S.
666 2562 885 2645 Raymundo,
916 2582 950 2628 ut
974 2583 1034 2648 ego
1057 2557 1089 2626 in
1114 2556 1248 2628 leilioue
1271 2559 1424 2628 omnium

552 2666 698 2734 expertus
722 2641 808 2731 suits,
830 2647 1019 2735 &quilibet
1041 2645 1176 2734 expetiti
1200 2648 1336 2734 poterit.

598 2734 733 2803 Diuum
752 2736 794 2804 est
817 2755 946 2814 autent,
967 2736 1063 2824 quoad
1074 2736 1207 2822 primam
1225 2755 1361 2823 partem,
1379 2736 1425 2804 (9·

551 2824 586 2891 in
611 2824 769 2902 terminis,·
792 2842 1010 2894 unustantum
1033 2825 1134 2910 quoad
1151 2824 1340 2906 ficundam,
1363 2823 1426 2903 sed

552 2911 588 2978 ia
601 2910 673 2977 aliis
694 2911 852 2992 terminio
874 2910 947 2998 quia
973 2909 1132 2978 Heoricus
1156 2933 1226 2978 eam
1242 2907 1427 2993 proposuit,

554 2995 669 3068 leviter
685 2998 856 3096 'trailauim
879 3001 912 3066 δι
935 2997 970 3064 in
987 3015 1108 3084 partem
1126 3011 1293 3084 negantem
1315 2993 1426 3063 deter-

552 3084 714 3168 minavit,
738 3103 773 3155 ut
797 3110 832 3152 tn
855 3085 939 3156 ealce
961 3085 1074 3170 Operis
1096 3080 1273 3168 apparebit,
1297 3080 1351 3148 ubi
1375 3081 1427 3149 in·
1523 3127 1524 3132 κ

552 3188 675 3259 tegram
699 3171 763 3252 ejus
793 3171 996 3259 quaelliooem
1021 3173 1213 3250 afferemus3
1245 3185 1281 3234 ut
1304 3191 1425 3255 cogno·

551 3260 618 3329 scat
652 3261 791 3340 Leuior,
826 3281 884 3328 nos
913 3255 997 3326 nihil
1029 3257 1165 3346 ingenue
1198 3253 1423 3326 dissimulare.

552 3348 632 3432 Quae
649 3345 732 3418 tatio
749 3345 812 3430 est,
834 3369 890 3416 cut
912 3342 1038 3414 nullum
1057 3370 1094 3414 ex
1111 3367 1149 3412 eo
1166 3340 1299 3429 speciale
1318 3366 1424 3412 exeru-

552 3435 645 3523 plum¹
674 3432 876 3518 attulimus,
900 3433 948 3501 uti
973 3429 1220 3502 Praemonitione
1245 3429 1347 3516 prima
1374 3429 1423 3498 iu·

552 3521 748 3602 dicavimus,
769 3520 826 3590 etsr
848 3517 1059 3596 nihilominus
1079 3517 1295 3604 aliquomodo
1316 3517 1422 3588 afferri

551 3607 672 3696 pulset,
687 3606 957 3695 quemadmodum
965 3607 1151 3694 Consupp.
1166 3628 1200 3692 4.
1212 3605 1400 3759 inuueprus.

1331 3711 1385 3759 au·
