3192 4592
610 514 671 579 292
767 490 1265 560 tnonnmtsnos

568 621 634 703 five
656 644 729 692 curn
752 620 802 689 bis
825 621 944 690 eisdem
968 615 1233 701 conditionibuS,
1255 615 1291 684 in
1315 633 1444 705 partem·

567 712 751 781 alterutram
776 728 927 794 tanquam
953 703 1215 791 probabiliorem,
1240 702 1303 773 five
1322 709 1445 792 tacite,

572 800 637 868 five
658 795 794 882 exprelle
817 791 1007 864 declinando
1026 815 1036 873 ;
1059 811 1152 878 atque
1176 791 1249 860 ideo
1271 792 1379 882 aliquo
1402 819 1443 864 ex

569 887 610 955 iis
641 882 773 966 modis,
816 901 894 967 quos
926 881 960 948 in
989 879 1119 948 Scholio
1142 881 1239 966 Supp.
1268 901 1316 962 19.
1341 882 1446 950 Partis

572 973 683 1062 primae
715 969 904 1039 tradidimus
921 1015 941 1052 ,.
963 968 1081 1036 urendo
1093 1013 1108 1048 .‚
1139 967 1251 1053 quibus
1282 967 1447 1052 opinionis

572 1059 734 1144 utriusque
766 1055 935 1143 pernulla,
966 1073 1061 1139 atque
1092 1052 1181 1124 licita
1217 1051 1332 1122 elellio
1359 1058 1447 1142 apud

574 1149 733 1222 Aullores
749 1143 965 1229 fignificatur.
986 1143 1174 1209 Hacautem
1193 1141 1305 1228 agendi
1324 1140 1448 1226 formo,

572 1259 609 1311 pc
622 1233 713 1318 ,praxi
735 1227 995 1302 Probabilismum
1020 1227 1201 1313 ipliffitnum
1226 1231 1447 1313 nostrum,s1n

572 1319 706 1402 verbis,
728 1338 760 1386 at
784 1342 817 1386 re
841 1335 970 1398 tamen,
998 1313 1104 1398 faelo,
1127 1317 1161 1382 δι
1184 1315 1320 1384 veritate
1344 1320 1450 1387 conti-

573 1408 644 1478 neri
675 1403 789 1486 (nihil
822 1404 910 1476 enim
937 1403 1073 1490 denique
1104 1401 1194 1470 alind
1225 1403 1449 1474 Probabililmi

573 1493 731 1574 nomine,
751 1515 847 1577 quam
871 1490 935 1564 baeu
954 1490 1037 1556 inter
1062 1490 1164 1558 varias
1188 1491 1358 1576 probabiles
1377 1493 1452 1578 opi·

574 1582 687 1653 nioues
719 1577 886 1658 cujuslibet
912 1577 1027 1646 eletlio
1056 1575 1275 1664 intelligitur)
1300 1599 1338 1646 ex
1369 1597 1452 1648 tota

574 1669 681 1758 prima
703 1665 823 1748 Parte,
854 1663 905 1732 sed
929 1664 1099 1750 praelcrrim
1131 1688 1169 1734 ex
1192 1663 1253 1751 ipsa
1283 1665 1445 1751 posteriori
1509 1686 1510 1708 ³

575 1752 813 1828 controverso
836 1751 1054 1838 expontione,
1077 1751 1277 1841 perspicuum
1300 1753 1359 1822 eli.

945 1877 1054 1982 nv.

620 2014 744 2090 Nullus
766 2016 809 2087 est
832 2013 931 2088 ferme
958 2005 1105 2101 Dulium
1134 2017 1189 2107 qui
1212 2019 1250 2088 de
1274 2015 1449 2088 moralibus*

578 2102 709 2178 incertis
732 2129 798 2173 non
820 2124 911 2192 agat,
934 2103 987 2174 vel
1012 2105 1209 2194 frequenter,
1231 2105 1285 2174 vel
1308 2105 1447 2193 aliquan·

576 2195 620 2264 do
640 2193 805 2282 opinando,
829 2215 893 2276 non
914 2191 1082 2278 offerenti&
1105 2193 1138 2262 δι
1161 2194 1233 2262 ideo
1256 2217 1321 2262 non
1340 2212 1448 2262 utatur

577 2280 822 2362 locutionibus,
856 2277 910 2348 abt
936 2278 1007 2348 aliis
1039 2279 1141 2355 modis
1164 2282 1198 2349 in
1221 2281 1326 2352 Schol.
1350 2286 1450 2368 Supp.'

580 2391 631 2454 19.
655 2368 764 2454 ptimae
790 2366 893 2434 Partis
916 2365 950 2434 in
973 2365 1054 2440 hanc
1077 2391 1143 2436 rem
1166 2367 1327 2457 allegatis.

478 2535 483 2542 ¹
626 2458 701 2529 Hoc
723 2454 814 2524 enim
837 2477 876 2521 ex
894 2455 1073 2526 Dollorum
1091 2455 1294 2544 antiquorum
1311 2455 1450 2526 leelione
1513 2485 1514 2522 l

501 2559 504 2565 '
579 2560 689 2632 patet,
712 2544 747 2612 ἃ
770 2539 882 2627 peritis
904 2543 1105 2624 notum'est.
1273 2601 1275 2608 ,

582 2689 586 2695 ,
626 2632 707 2696 Cor.
731 2629 820 2698 Hinc
850 2626 955 2696 nullus
985 2629 1028 2700 est
1053 2628 1152 2700 ferme
1176 2635 1296 2704 Dollor
1325 2631 1388 2702 five
1410 2655 1452 2700 ex

463 2774 467 2786 e
576 2713 750 2804 Antiquis‚
772 2714 834 2784 five
857 2738 898 2784 ex
914 2717 1178 2803 Recentioribus,
1203 2723 1284 2789 unde
1307 2717 1454 2805 exempla

579 2800 665 2877 liciti
683 2803 754 2873 ulus
777 2801 996 2872 Probabilismi
1020 2805 1138 2874 merito
1153 2807 1272 2876 desumi
1295 2829 1359 2871 non
1381 2805 1458 2888 pos*

578 2887 662 2972 fint3
684 2889 785 2959 etiam
802 2911 839 2958 ex
863 2887 902 2958 iis
925 2888 1014 2976 ipfis,
1036 2892 1091 2980 qui
1109 2892 1162 2960 vel
1185 2889 1316 2980 expreffe
1333 2890 1456 2958 Proba·
1513 2951 1514 2956 ,

411 2979 475 3060 (a)
489 2994 543 3066 per
580 2974 760 3046 biliorismo
782 2973 886 3046 favere
905 2979 997 3059 (a),
1029 2977 1081 3046 vel
1104 2978 1141 3047 de
1166 3003 1204 3046 eo
1227 2976 1339 3046 leviter
1356 2978 1455 3062 (b),
1513 2975 1514 3034 l

412 3069 540 3153 suppo.
579 3063 638 3133 vel
661 3063 839 3152 ambigue,
860 3087 897 3132 ac
922 3064 1009 3138 varie
1031 3063 1131 3134 locuti
1155 3064 1323 3147 sunto).
1356 3066 1454 3134 Nam

410 3151 477 3234 (b)
489 3171 544 3240 per
580 3151 641 3220 bac
658 3149 846 3234 communi,
869 3153 902 3220 δι
926 3151 1074 3238 consueta
1094 3151 1240 3221 omnibus
1264 3147 1364 3220 ferme
1383 3153 1471 3218 Do-,¹

409 3241 479 3306 Cor.
514 3261 541 3305 1.
580 3236 719 3306 &oribus
741 3237 853 3326 agendi
876 3236 1019 3323 tatione,
1041 3261 1155 3326 nempe
1177 3239 1353 3338 opinando,
1385 3262 1452 3306 non

291 3372 294 3378 ,
410 3329 540 3414 Suppn.
579 3322 745 3483 islam,
771 3344 864 3412 atque
888 3322 1022 3394 formula
1045 3325 1218 3396 locutionis
1249 3349 1289 3395 ex
1312 3323 1450 3411 praefaris

411 3416 476 3496 (c)
490 3429 543 3500 per
614 3411 686 3501 iqua
718 3413 858 3496 utendi,
890 3409 1017 3496 libera,
1046 3437 1082 3480 ac
1104 3413 1195 3480 licita
1228 3411 1451 3482 Probabilismi

411 3503 505 3588 Supp.
516 3520 547 3589 3.
580 3497 714 3582 eletlio,
736 3497 779 3566 lin
802 3494 923 3579 verbis,
945 3515 978 3566 at
1001 3522 1034 3580 re
1052 3547 1065 3582 2
1084 3500 1169 3585 quod
1193 3500 1292 3582 majus
1315 3500 1384 3581 est,
1413 3521 1493 3574 aes·

438 3613 441 3616 ’
580 3583 663 3660 lusto
679 3583 766 3675 ipso,
789 3604 825 3655 ut
848 3583 1053 3676 supradixi,
1076 3583 1322 3660 luculentissime
1345 3583 1456 3655 couti·-

493 3695 496 3699 ’
998 3721 1002 3727 -
1067 3719 1071 3731 ·
1354 3693 1412 3741 ne-
