3192 4592
487 822 491 828 ·
559 793 620 860 'eet
651 789 797 875 oppolitae
823 785 919 872 proba

445 914 449 920 ·
473 891 476 899 '
504 915 508 921 ·
542 903 593 948 tea
611 879 685 964 quia
694 877 851 963 Sapientes
868 875 1025 960 opinantur
1042 877 1183 939 contraiit
1198 876 1394 960 Sapientibus
1406 901 1432 960 3¹

586 505 649 575 300
733 480 1239 550 Paoaast-arsuus'

541 599 598 686 lita
621 617 726 684 secura
752 636 817 681 non
840 610 906 694 sit,
937 610 987 679 sed
1018 635 1056 678 ex
1083 611 1205 680 consilii
1238 612 1386 684 bonitate
1408 660 1422 687 .

550 729 580 771 π
599 708 679 771 Non
702 698 872 784 improbari
899 723 920 764 ο
943 697 1065 767 iniones
1088 700 1193 767 minus
1208 701 1420 787 probabiles,

543 753 567 860 fl
920 721 1048 854 ii'liores
1071 785 1256 874 eligantur,
1289 809 1423 875 propte-
1488 799 1494 804 “

542 968 584 1032 ob
594 966 686 1051 idque
695 964 893 1050 potissimum
910 961 1070 1040 indubiis,
1090 985 1126 1026 ac
1141 960 1314 1046 difficilibus
1327 965 1432 1050 *upi-=

544 1054 655 1121 niones
671 1050 928 1119 contradittorias
947 1071 1011 1113 non
1029 1046 1086 1116 elle
1103 1048 1342 1136 improbandas,
1360 1053 1425 1118 sed·

544 1138 794 1225 permittendas,
816 1137 850 1202 bt
866 1134 1102 1217 admittendas,¹
1125 1156 1316 1222 quamquam
1336 1163 1411 1222 pro-

544 1226 712 1295 babiliores
730 1225 908 1311 eligantur3
932 1245 966 1288 ac
977 1229 1137 1308 propterea
1155 1223 1411 1293 dissentientibus

542 1313 742 1401 sapientibus
761 1312 845 1382 inter
867 1310 896 1377 le
915 1308 1004 1376 licite
1022 1307 1176 1396 quaslibet
1192 1310 1276 1397 religi
1295 1312 1392 1396 poffe'
1406 1349 1424 1380 .·
1500 1331 1501 1354 ³

542 1424 575 1485 4.
593 1401 747 1486 denique,
769 1399 801 1466 id
825 1393 883 1467 else
910 1418 1021 1464 verum
1040 1415 1107 1465 tam
1130 1397 1165 1463 in
1188 1397 1411 1488 speculativis,
1496 1427 1501 1434 ·

542 1502 639 1576 qnam
665 1488 699 1554 in
751 1484 901 1565 raiiieis,
932 1483 1032 1550 etiarn
1064 1481 1177 1552 seclusa
1204 1487 1237 1551 ea
1263 1484 1412 1569 ratione,

543 1577 626 1662 quod
652 1597 703 1659 par
725 1511 762 1640 it
784 1571 919 1638 onrnino
937 1571 1019 1636 ratio
1043 1570 1077 1636 in
1095 1571 1317 1656 utrisquela).
1337 1573 1418 1640 Ero

439 1702 447 1721 .
504 1706 512 1723 .
543 1679 612 1729 nrm
639 1663 681 1726 D.
700 1663 819 1726 Bonae.
847 1658 1010 1739 affirmat,
1043 1658 1072 1727 le
1103 1655 1260 1729 adhaesisse:
1281 1657 1411 1742 quidem

423 1788 433 1807 .
543 1747 746 1846 opinionibus
771 1741 1060 1832 probabilioribus,
1090 1765 1127 1812 ac
1150 1743 1356 1814 securioribus
1378 1747 1415 1812 in

543 1835 679 1903 omnebus
699 1832 928 1920 praecedentibus
950 1829 1049 1898 Libris
1084 1833 1172 1914 luis,
1204 1831 1280 1912 alias
1305 1849 1416 1900 tamen

543 1921 698 2010 oppositas
723 1920 832 1986 minus
862 1918 1036 2004 probabiles
1059 1929 1123 1986 non
1147 1919 1350 2005 improbalie.
1377 1923 1416 1985 In

543 2007 650 2076 Libris
673 2029 749 2076 vero
771 2006 1046 2092 praecedentibus,
1078 2027 1191 2092 nempe
1234 2006 1268 2071 in
1300 2006 1411 2074 eodem

542 2095 737 2176 Tertio,·&
760 2093 797 2160 in
820 2093 965 2162 Secundo
997 2090 1107 2160 multae
1137 2091 1319 2180 questiones
1351 2117 1417 2179 pra-

543 2181 734 2251 ili'caelun't
752 2228 762 2261 ‚
782 2197 829 2247 nt
852 2178 990 2266 quilibet
1016 2180 1125 2248 videre
1157 2181 1286 2265 potest.
1319 2179 1415 2265 Quod

544 2269 631 2336 idem
654 2265 757 2338 fecille
780 2266 972 2420 conlepuens
996 2267 1037 2334 est
1059 2266 1093 2333 in
1111 2269 1249 2350 Quarto,
1274 2265 1327 2334 nbi
1346 2289 1417 2333 ma·

543 2379 605 2442 gna
629 2378 670 2422 ex
695 2372 782 2439 parte
808 2359 887 2442 quael
902 2353 989 2421 iones
1020 2352 1160 2442 praebita
1188 2352 1412 2439 reperiuntur.

545 2446 584 2508 ln
601 2440 751 2510 omnibus
767 2437 940 2530 igitur-his
957 2439 1175 2526 quaestionibus
1198 2439 1339 2526 prailieis
1356 2441 1415 2506 du-

543 2530 603 2596 biis
625 2529 781 2615 quidem,
803 2551 840 2596 ac
859 2525 1059 2612 difficilibus,
1090 2527 1257 2615 inquibus
1280 2525 1415 2610 proinde

542 2615 698 2700 Sapientes
709 2616 876 2766 'ppirantur
894 2617 1037 2682 contrarie
1044 2617 1236 2703 Sapientibus
1252 2615 1283 2682 S.
1293 2613 1416 2684 Eonav.

544 2701 658 2786 eligit,
680 2701 717 2769 de
731 2701 843 2788 milit,
865 2699 969 2770 docet·
982 2703 1150 2790 opiniones
1173 2701 1416 2788 probabiliores,

543 2787 801 2872 attentiores,
823 2787 978 2875 oppositas
1001 2807 1109 2858 tamen
1133 2789 1188 2857 fibi
1215 2790 1322 2856 minus
1346 2811 1418 2876 pro-

544 2871 691 2960 babiles,
713 2878 748 2944 a
772 2875 879 2943 minus
906 2877 1025 2945 securas
1049 2901 1114 2943 non
1137 2876 1271 2959 rejicit,
1294 2899 1329 2944 ac
1353 2875 1415 2942 im-

543 2962 674 3048 probat,
695 2964 745 3032 led
764 2963 946 3050 permittit,
962 2965 1127 3047 admittit,
1143 2965 1178 3031 ἃ
1196 2963 1302 3031 licitas
1319 2959 1416 3031 facit.
1500 3027 1501 3034 ,

546 3088 550 3097 ·
587 3052 682 3137 Quod
698 3064 806 3125 autern
832 3050 865 3117 hi
883 3067 1035 3138 quattuor
1050 3053 1203 3120 Doctores
1227 3050 1319 3119 claris
1344 3072 1417 3117 ver-

544 3136 593 3205 bis
614 3138 849 3224 expresserunt,
873 3140 906 3205 δι
929 3137 1093 3221 fecerunt,
1116 3138 1251 3226 idipsum
1277 3133 1415 3219 sensisse,

542 3226 691 3309 quamvis
709 3225 950 3293 iisdemverbis
971 3249 1035 3293 non
1046 3225 1294 3311 explicaverint,
1315 3245 1352 3293 ac
1369 3221 1416 3292 le·

543 3309 637 3395 cille,
658 3311 785 3380 tametsi
805 3311 837 3379 id
855 3313 992 3382 minime
1009 3312 1140 3382 aliunde·
1160 3312 1343 3394 constaret‚-
1357 3335 1416 3378 cae-

374 3393 443 3476 (b)
455 3415 509 3482 per
528 3398 785 3488 ,teriDoilores
811 3397 957 3468 cenl'andi
976 3400 1068 3468 sunt.
1093 3399 1257 3484 ltaenim·
1278 3396 1415 3486 pullulat

374 3483 519 3575 SchSup.
543 3503 656 3554 natura
680 3487 747 3570 rei,
769 3509 843 3552 nem
868 3509 884 3552 e
908 3485 1137 3570 opinabilitatis
1163 3485 1282 3571 ipfius,
1314 3484 1417 3553 incer⁴

401 3596 433 3660 3·

542 3568 713 3669 titudinis,
734 3575 774 3642 δι
789 3573 822 3640 di
879 3570 986 3660 ultptis
1004 3575 1067 3654 (b)
1085 3595 1106 3655 3,
1119 3572 1167 3642 ita
1191 3571 1419 3670 modestiora·

1303 3678 1368 3740 no,
