3192 4592
581 450 646 530 266
724 445 1253 517 'Pro-rariririuua.

541 599 547 606 ·
581 578 659 646 Haec
673 592 782 645 antem
799 574 1272 665 quauio‚·piaiirqiniii·quoil
1293 571 1348 644 rel
1366 594 1411 645 ex

540 664 604 749 ipsa
624 663 790 753 opinionis
814 663 984 748 probabilis
1007 663 1224 748 definitione,
1254 662 1290 731 ἃ
1313 666 1409 749 Quat*

536 747 645 820 llionis
666 749 760 836 ipliua
781 752 878 838 Supp.
898 773 947 834 29.
965 752 1133 822 evidenter
1150 750 1252 821 soluta
1276 768 1408 835 manet,

367 845 431 924 (a)
448 859 502 930 per
537 837 786 908 demonstrative
819 837 1048 924 multipliciter
1087 839 1224 908 resoluta
1248 836 1291 907 ell
1308 841 1405 922 (a),

369 931 513 1016 (ἰωή.
537 923 704 1012 simulque.
727 943 897 1010 propterea
919 924 1059 1013 superior
1092 927 1221 1014 quallio
1250 922 1410 1009 resoluta,

370 1015 499 1101 Desno.
538 1031 654 1099 nempe
677 1011 759 1112 polle
778 1011 993 1102 Voluntatem
1010 1014 1044 1082 in
1068 1033 1148 1084 noto
1169 1011 1319 1082 confliblu
1338 1035 1406 1081 non

368 1123 442 1189 27„
457 1099 501 1169 Ο·
539 1097 643 1167 solum
667 1097 757 1189 licite
766 1134 785 1182 ‚·
799 1099 851 1168 sed
873 1099 976 1169 etiarn
997 1106 1166 1188 prudenter
1198 1097 1406 1170 Intelleflum
1502 1166 1503 1188 p

370 1191 505 1276 Campo.
538 1184 578 1254 ad
594 1205 720 1274 partem
737 1183 881 1255 libertati
899 1185 1062 1258 faventem
1080 1187 1411 1270 determinare,eani·

370 1279 435 1345 Ar.
449 1296 499 1361 17.
538 1297 600 1361 que
608 1273 726 1362 eligere
737 1274 804 1356 (b)
819 1320 830 1342 .
853 1276 1180 1365 Itaquetoraquaestio
1196 1273 1331 1344 resoluta
1342 1276 1382 1343 est
1394 1323 1408 1343 a

369 1363 437 1446 (b)
450 1383 502 1452 per
583 1362 679 1430 Unde
700 1378 849 1448 apparet,
871 1385 935 1450 quo
957 1365 1087 1433 tandem
1119 1363 1237 1432 recidat
1259 1362 1337 1431 adeo
1362 1359 1409 1429 la-

370 1453 461 1539 Prop.
469 1472 500 1534 9.
538 1448 625 1517 mosa
640 1445 867 1547 Cpntroverlia
892 1453 983 1539 (quae
1006 1449 1130 1520 foiiaffe
1153 1471 1192 1520 eit
1217 1469 1303 1539 parre
1320 1447 1407 1516 -l'ro-

465 1588 489 1601 ,,
539 1533 803 1604 babilioristaruin
825 1535 864 1604 dt
889 1559 967 1623 puro
989 1538 1121 1608 nomine
1145 1538 1211 1618 ull)
1234 1585 1244 1622 ,
1266 1538 1299 1606 δι
1320 1535 1407 1622 qnod
1440 1568 1442 1574 ·
1507 1587 1508 1596 κ

538 1619 577 1692 fit
592 1643 726 1710 purum,
749 1639 925 1711 putumque
943 1620 1035 1693 filum
1051 1624 1291 1694 contentionis.
1313 1625 1407 1693 Nam

539 1707 561 1776 fi
584 1708 750 1797 loquamur
779 1709 819 1778 dr
851 1711 952 1796 prima
975 1711 1193 1782 Probabilismi
1225 1729 1314 1800 parte
1335 1711 1409 1780 rll:

538 1819 582 1865 an
604 1796 641 1864 in
665 1819 706 1866 ro
729 1795 802 1864 cusu
824 1799 936 1867 llomo
960 1800 1358 1872 nrcellarioeonlliruatur
1374 1799 1410 1866 in
1436 1825 1440 1834 ·

538 1882 638 1953 dubio
663 1882 818 1972 piratico,
840 1883 973 1974 ideoque
989 1888 1027 1956 ad
1050 1905 1170 1978 partem
1189 1887 1345 1957 tutiorem
1363 1903 1412 1956 te·
1437 1889 1450 1926 '-

539 1989 658 2041 utatur
677 2018 688 2038 .
709 1976 744 2041 si
773 1993 852 2039 vero
876 1972 915 2044 dr
941 1974 1076 2044 secunda
1102 1992 1224 2060 parter
1246 1995 1288 2042 an
1312 1973 1347 2042 in
1371 1997 1411 2042 ro
1481 2003 1483 2007 ’

534 2057 613 2129 nasu
646 2081 686 2128 ex
711 2061 743 2129 vi
767 2057 856 2126 illins
878 2061 1014 2130 excelsus
1045 2059 1277 2162 probabilitatis
1302 2077 1413 2132 tenea-

542 2163 597 2215 tur
618 2146 658 2213 ad
679 2170 752 2216 eain
775 2165 899 2233 partein
925 2147 1186 2235 probabiliorem:
1209 2148 1264 2216 stu
1286 2167 1327 2215 an
1352 2146 1410 2217 ille

543 2233 683 2306 excelsus
709 2234 825 2306 habeat
847 2233 916 2305 vim
941 2237 1088 2324 precepti
1120 2233 1273 2304 naturalis
1295 2235 1364 2309 orti
1389 2255 1415 2301 a*

543 2321 689 2394 Ratione
713 2324 817 2406 retii,
840 2323 892 2393 seu
917 2322 1086 2392 Prudentia
1117 2321 1299 2389 Hominem
1323 2319 1412 2389 obli-

541 2409 650 2498 gantis
682 2410 842 2491 adeam·
916 2426 983 2479 rein
1015 2407 1318 2478 rationabiliorem:
1351 2408 1407 2476 seu

543 2495 675 2581 etiam,
704 2522 745 2566 an
771 2497 828 2569 ille
866 2495 935 2566 olus
956 2497 1093 2567 excelsus
1116 2494 1337 2565 rationabilior
1362 2495 1410 2564 ita

543 2583 585 2653 lit
609 2585 730 2668 retius,
751 2607 789 2656 ae
813 2584 964 2674 prudens,
987 2601 1024 2654 ur
1045 2582 1187 2673 oppolita
1209 2583 1316 2651 minor
1340 2607 1413 2670 pro·
1472 2659 1475 2667 ,

545 2669 692 2740 babilitas
709 2672 747 2741 sir
764 2668 952 2755 temeraria,
969 2672 1004 2742 n
1021 2671 1222 2762 imprudens.
1239 2674 1320 2758 Quae
1336 2688 1413 2740 tum

543 2757 655 2826 omnia
677 2759 740 2841 jam
764 2758 1013 2832 demonstrarive
1038 2759 1178 2830 resoluta
1199 2755 1287 2842 lint,
1310 2757 1412 2827 etiam

545 2845 767 2916 Controversia
789 2849 855 2936 ipsa
877 2846 1128 2923 demonstrative
1145 2844 1288 2917 confebla
1304 2845 1363 2911 est.
1516 2849 1517 2856 ’

592 2953 621 3002 1.
639 2933 685 3003 Er
708 2933 768 3004 bac
782 2932 963 3020 questionis
982 2933 1111 3019 Analpsi
1127 2930 1288 3002 manifeste
1306 2926 1412 3015 liquet

629 3041 669 3105 o,
688 3043 753 3111 qno
775 3023 907 3094 tandein
930 3020 1142 3092 fundamento
1162 3017 1334 3087 allatione
1356 3015 1413 3086 de·

547 3107 816 3267 sifflpti··¹¹i⁸²1i¹¹r
834 3102 1412 3266 adrooplele‘lprataProballpirlgppibllipirpnpp

618 3217 660 3264 en
678 3219 746 3264 ia.·
788 3219 842 3267 arn
862 3219 906 3284 qu
969 3218 987 3265 a
1030 3217 1168 3284 primam
1387 3277 1394 3290 Ι

549 3283 844 3370 proemittitur,
874 3302 951 3354 tota·
967 3281 1050 3352 ratio
1080 3282 1197 3352 nititur
1218 3301 1295 3366 puro
1317 3299 1413 3365 aequi·

548 3389 656 3452 vooo3
702 3372 766 3440 uod
790 3367 1144 3452 terminandam,
1178 3388 1255 3455 pura
1276 3364 1413 3454 suppull-

551 3456 644 3526 tiont
721 3481 756 3527 a.
778 3458 913 3529 Nititur
933 3457 969 3526 in
993 3457 1097 3544 primo
1119 3453 1191 3524 casn
1213 3476 1291 3544 puro
1313 3451 1413 3540 arqui*

552 3567 653 3632 voco,
673 3545 760 3635 quod
781 3541 923 3617 confillit
943 3541 979 3612 iu
1000 3563 1067 3628 ro,
1088 3541 1176 3634 quod
1199 3539 1256 3633 ipn
1277 3563 1343 3698 nlpn
1365 3538 1414 3607 di·

1315 3647 1363 3696 iu-

583 3016 591 3033 0
