3192 4592
289 417 871 490 Maru.MnemDnnronsdeII.
917 447 976 517 345

152 550 274 622 sentari
298 547 505 619 Gallicanam
530 546 701 618 Ecclesiam
725 573 779 636 per
805 553 899 621 uerba
923 555 1026 639 hujus*

80 675 82 695 ι
150 639 267 722 modi,
289 633 447 718 Ecclesiam
464 638 654 704 Gallicanam
669 636 926 724 repraesentantes,
941 705 943 709 ,
956 667 1025 729 quae

79 770 82 783 ·
150 724 190 793 in
208 726 267 793 isto
284 724 494 793 defiderantut
512 773 520 790 .
552 725 594 790 Et
611 741 721 791 tamen
736 725 814 822 quid
841 727 880 794 ab
898 727 956 794 illo
985 729 1022 796 s1t

79 862 81 874 i
149 812 354 895 confestum,
373 811 535 897 &quanti
556 833 575 877 a
591 809 769 896 theologis
786 811 924 885 minime
941 813 1024 886 ,Gal-

148 897 192 965 lis
211 948 223 983 ,
255 899 322 967 imo
338 901 373 967 dc
391 897 430 964 ab
446 897 580 983 ipsamet
605 898 789 983 Apostolica
818 900 897 968 Sede
923 898 961 968 fit
978 899 995 968 f
1008 939 1023 954 -

147 985 322 1140 ciendupt‚
353 1004 449 1071 atque
467 985 713 1070 protectoria,
745 986 859 1056 noetis
878 1009 1021 1073 comper-

148 1091 268 1141 tume
302 1084 318 1139 .'

195 1158 397 1260 Vigefimnm
412 1177 593 1244 quartum,
626 1158 825 1245 Vigefimum
848 1159 1019 1248 quintum,
1064 1226 1069 1233 .

147 1247 353 1332 Vigetrmum
371 1248 495 1315 sextum
518 1270 572 1333 per
594 1246 829 1332 Hypothesrm,
851 1253 885 1316 dc
909 1266 1018 1318 totum

145 1337 239 1419 Opus
257 1334 413 1402 nostrum.
438 1337 529 1402 Nam
547 1359 588 1406 ex
610 1333 661 1400 his
678 1334 827 1402 omnibus
851 1333 933 1402 nihil
951 1359 1019 1402 cer·

147 1420 176 1488 ti
199 1421 393 1504 conficitur,
419 1444 494 1489 cum
524 1419 608 1508 quod
631 1420 745 1573 spectat
776 1421 815 1518 ad
838 1423 1016 1520 Dodiorum

144 1508 365 1576 recentiorum
387 1531 577 1592 numerum,
601 1530 639 1575 ve
675 1505 821 1595 aqualis,
843 1507 1016 1578 ueletiam

144 1592 256 1662 multo
278 1593 380 1674 major
401 1595 671 1663 Probabilistarum
693 1599 724 1664 ei
747 1617 896 1664 numerus
917 1619 1019 1683 oppo-
1134 1649 1138 1656 .
1202 1615 1204 1623 ’

142 1698 262 1746 natur:
287 1681 321 1746 dc
344 1678 392 1744 illi
415 1679 589 1749 rationibus
610 1681 706 1748 certis
728 1683 955 1767 destituantur,
979 1701 1014 1754 ut

142 1790 184 1835 ex
208 1765 321 1832 nostris
352 1764 669 1832 demonstrationibus
698 1765 828 1851 liquet.
862 1772 1013 1840 Humana

143 1876 226 1922 vero
250 1850 437 1934 andonius,
459 1869 577 1938 quanta
598 1871 715 1938 quanta
731 1852 787 1933 fit,
809 1853 873 1920 fine
896 1853 1015 1934 efficaci

142 1941 301 2021 ratione,
324 1957 380 2008 aut
405 1938 592 2022 nihii‚aut
614 1937 783 2035 modicum
809 1936 925 2013 valet.
948 1947 1014 2024 (a)
1053 1958 1112 2034 (2)
1155 1985 1184 2024 ff

73 2063 76 2067 >
142 2026 244 2113 Quod
271 2049 348 2094 vero
373 2026 489 2112 spet‘rat
513 2025 551 2092 ad
577 2025 764 2096 Droecescon
783 2027 949 2112 Decreta,
979 2030 1013 2098 δι
1051 1978 1194 2129 Schssef,

141 2111 407 2183 Universitatum
424 2113 442 2194 J
447 2112 551 2182 udicia
569 2160 580 2195 ,
611 2111 661 2180 his
677 2136 801 2200 quoque
829 2113 940 2183 multae
956 2139 1012 2202 op-
1054 2149 1104 2214 29,
1115 2153 1182 2196 m„

142 2220 331 2288 ponuntur,
362 2225 430 2288 quae
447 2199 529 2268 nihil
547 2218 659 2270 contra
675 2198 938 2272 Probabililinum
955 2203 1013 2271 sta·

141 2307 261 2358 tuere.
299 2290 348 2357 Ut
370 2287 525 2356 omittam
551 2284 689 2374 pluribus
716 2287 754 2355 de
771 2287 885 2371 caufis,
915 2313 1012 2378 quam

142 2400 201 2460 ea,
221 2401 293 2462 quae
309 2376 343 2445 in
355 2376 529 2459 manuest,
545 2373 664 2460 aliquid
680 2371 789 2446 moliri
811 2393 922 2444 contra
940 2378 1013 2445 Pro-

142 2450 351 2532 babilismum
369 2463 521 2549 potuisse.
554 2463 665 2547 Itaque
683 2484 791 2530 earum
810 2483 1012 2536 momentum

141 2574 241 2636 grave
258 2551 407 2637 quidem,
429 2551 462 2618 dc
479 2572 543 2620 non
559 2552 648 2636 parvi
664 2546 867 2635 faciendum,
882 2575 948 2620 non
965 2571 1014 2622 ta-

140 2656 365 2719 mencerrum
387 2638 463 2707 est..
584 2699 588 2704 .

188 2727 362 2794 Ultimum
384 2727 520 2813 denique
551 2750 607 2814 per
627 2723 841 2818 scholnupp.
863 2751 910 2798 ιο.
931 2731 963 2799 P.
986 2734 1014 2800 1.

140 2830 173 2880 n'.
196 2837 229 2896 4
255 2814 386 2882 Etenim
426 2815 546 2884 omnia·
560 2814 616 2882 illa
639 2817 779 2884 Decreta
803 2815 883 2884 solos
907 2821 1013 2905 Magi-

140 2900 245 2996 diros,
282 2924 319 2970 ac
335 2902 480 2989 Lestores
495 2903 640 2972 afficiunt
656 2950 666 2986 ,
695 2903 750 2989 qui
769 2905 840 2970 sane
856 2903 956 2970 etiam
973 2929 1012 2972 ex

144 2986 210 3132 ppsa
243 2987 466 3075 disputationis
482 3011 622 3070 natura,
651 2990 785 3056 nedum
803 3012 842 3054 ex
860 3013 1010 3075 munere,

161 3069 274 3166 eligere
297 3095 475 3160 tenentur,
498 3079 532 3144 bc
549 3077 660 3143 docere
678 3075 849 3142 sententias
865 3100 1011 3148 commu-

144 3178 275 3242 niones,
306 3166 460 3239 tutiores,
480 3165 516 3230 ἃ
532 3158 755 3248 probabiliores
778 3162 875 3234 modo
892 3165 1011 3238 ibidem

142 3239 320 3326 explicato.
361 3252 456 3336 Quod
473 3250 496 3316 fi
513 3249 545 3316 id
568 3248 668 3316 facere
686 3271 705 3314 a
721 3252 939 3338 Superioribus
956 3281 1012 3324 ve·
1048 3283 1114 3365 (b)
1150 3313 1180 3351 er

138 3351 175 3392 ro
195 3345 355 3418 praecept'o
372 3338 618 3424 precipiantur,
647 3337 755 3404 multo
771 3341 872 3430 magis
896 3361 1010 3412 tenen·
1051 3370 1102 3435 Ex
1122 3304 1175 3452 opstt

142 3435 217 3496 tur·‚
239 3415 294 3483 sed
315 3421 376 3518 boc
392 3444 500 3494 contra
517 3449 575 3495 nos
592 3423 741 3495 nihilest.
765 3431 829 3513 (b)
852 3429 952 3499 Aliud
968 3434 1010 3502 est
1047 3390 1136 3542 ὠ
1147 3423 1204 3526 αὴ,

139 3505 183 3573 de
211 3528 244 3574 re
286 3506 391 3594 ahqua
414 3513 591 3588 scholastice
614 3517 808 3603 decernere,
838 3539 892 3588 aur
910 3521 1010 3592 etiam
1044 3512 1203 3633 testnjlys,

892 3633 967 3684 con-
