3192 4592
581 469 617 532 a„
715 461 1262 534 .rioooinntenosff

540 727 543 734 ¹
766 627 768 633 ·
851 655 854 662 -
921 606 959 702 'v
982 631 1009 701 1.
1388 714 1394 736 ,

580 765 821 846 Contrariorum
843 763 955 835 eadem
976 763 1020 835 est
1040 763 1171 852 le1‚ae
1191 767 1374 857 disciplina.
1503 751 1508 775 ¹

791 911 793 914 ’
902 894 1023 968 vlt.
1146 947 1148 952 ·

443 1087 449 1096 .
577 996 723 1120 Negatio
739 1076 750 1114 ,
769 1046 827 1099 aut
850 1023 988 1116 privatio
1004 1027 1172 1113 formaliter
1192 1036 1229 1104 in
1253 1029 1399 1100 indiviii·
1494 1038 1500 1055 ’

374 1107 377 1116 ’
407 1215 409 1222 Ι
533 1115 591 1187 bili
612 1114 766 1189 confidit.

575 1205 732 1274 Additum
764 1201 808 1270 est
830 1197 1030 1288 formaliter,
1061 1200 1137 1302 quia
1172 1203 1397 1288 materialiter,
1467 1260 1470 1266 .

532 1309 568 1360 ut
589 1291 678 1375 ajunt
700 1287 848 1372 Scholae,
877 1305 946 1355 oon‘
964 1287 1099 1358 consistit
1122 1289 1157 1357 in
1179 1289 1395 1374 indivisibili,

530 1378 582 1450 sed
605 1378 730 1461 major,
760 1393 814 1444 aut
837 1373 944 1443 minor
964 1377 1023 1447 etse
1047 1375 1179 1475 potest.
1218 1379 1291 1448 Hoc
1321 1390 1394 1445 mo·

529 1465 597 1549 do,
629 1483 665 1534 ut
692 1459 889 1532 Scholasticis
919 1460 1072 1549 exemplis
1095 1481 1166 1532 utar
1190 1463 1228 1532 ad
1253 1464 1392 1551 explica-

529 1551 677 1633 tionem,
699 1547 791 1634 Lapis
813 1547 880 1618 dici
897 1550 996 1636 potest
1010 1547 1120 1636 magia
1142 1557 1273 1638 negatus
1296 1551 1395 1622 scien-

529 1636 602 1722 tia,
624 1659 719 1726 quarn
744 1635 846 1704 Simia
861 1635 977 1722 ,quia
1000 1633 1055 1704 ille
1078 1655 1229 1724 tanquam
1251 1661 1300 1707 res
1322 1638 1395 1714 ina,

526 1723 624 1794 nimis
651 1723 692 1791 ab
722 1722 931 1791 instrutiionis
965 1721 1145 1808 capacitate
1182 1722 1285 1794 adhoc
1320 1749 1390 1794 ma-

550 1810 575 1878 is
590 1808 741 1893 recedit,
762 1833 858 1897 quam
872 1807 971 1896 -haee,
992 1833 1060 1909 quae
1088 1810 1132 1881 est
1153 1809 1321 1897 animata,
1353 1813 1396 1882 &-

526 1833 638 1969 iolers.
661 1894 819 1965 Similiter
840 1894 947 1982 magis,
963 1915 1101 1984 privatus
1117 1896 1187 1967 visu
1208 1897 1280 1966 dici
1291 1898 1392 1984 potest

507 1984 581 2072 ·qui
605 1982 743 2052 nascitur
765 1982 828 2050 stne
850 1980 974 2065 oculis,
995 2001 1051 2052 aut
1074 1983 1176 2054 oculis
1203 1985 1389 2072 coopertis,

523 2093 620 2160 quam
637 2069 692 2157 qui
709 2066 820 2138 oeulos
835 2084 976 2155 apertos,
997 2069 1033 2139 δι
1048 2069 1317 2158 apte-dispoiitos,
1330 2071 1389 2142 led

523 2176 635 2228 tamen
652 2179 755 2232 coecos
772 2153 886 2239 habet,
905 2155 980 2243 quia
1003 2157 1103 2244 magis
1125 2156 1199 2240 iste,
1219 2171 1313 2244 quam
1331 2152 1388 2227 ille

523 2245 563 2314 ad
580 2245 663 2312 visus
685 2241 926 2323 habitudinem,
948 2240 1035 2323 cujua
1050 2265 1146 2328 capax
1161 2243 1223 2325 est,
1246 2244 1389 2328 accedit,

524 2329 703 2416 utliquet.
727 2329 890 2398 Caeterum
919 2326 1066 2412 negatio,
1088 2326 1141 2397 vel
1163 2327 1302 2414 privatio
1322 2330 1388 2414 for-

523 2418 669 2498 maliter,
699 2414 750 2484 stu
783 2433 819 2483 ut
843 2435 958 2513 purum
982 2459 995 2511 ,
1023 2430 1197 2568 putumgue
1221 2414 1267 2483 rei
1300 2414 1387 2487 defe-

426 2547 429 2553 ·
524 2505 630 2587 stum,
651 2500 715 2572 five
733 2519 905 2571 carentiam
921 2495 1139 2585 significandi
1160 2499 1305 2572 ivifibilis
1323 2505 1385 2574 est.

879 2629 1017 2723 vm.
1059 2646 1095 2717 g
1136 2693 1139 2699 .

524 2803 528 2810 ’
566 2743 768 2844 Definitum,
789 2757 994 2832 &Definitio
1009 2780 1262 2853 convertuntur,
1283 2765 1388 2840 idem·
1464 2775 1467 2780 ’

522 2875 588 2942 que.
605 2851 734 2924 effentia
755 2847 848 2920 sunt.
1227 2903 1230 2913 .

910 2983 993 3053 IX.

517 3077 531 3169 i
568 3071 620 3183 ,Ei
635 3071 712 3187 vero
734 3093 847 3186 laistim
867 3112 1019 3205 legitima
1034 3074 1280 3188 ratiocinatione
1294 3084 1382 3206 sequi

520 3223 586 3272 non
607 3203 727 3290 potest.
781 3305 784 3312 Ι
1291 3247 1296 3259 ·

909 3331 974 3404 .Χ,
1096 3319 1099 3326 ’

563 3424 1001 3554 Argumentatioobeidsmdo
1017 3485 1123 3554 certa,
1137 3442 1234 3560 atqve
1249 3429 1382 3541 demon}
1501 3474 1505 3539 i

518 3547 646 3686 strativa
673 3550 741 3622 est.
1281 3645 1338 3717 h·
