3192 4592
544 479 1254 571 =332·Pnoanu1utsmuc=

535 611 764 702 obligationem
790 604 1034 690 Probabilismi,'
1052 606 1101 675 uti
1126 607 1229 694 patuit
1256 607 1355 695 Supp.
1383 629 1421 696 3.

537 723 707 855 ΡἘΖῑᾟκο
729 783 858 871 quidem
870 785 1071 870 Argumenta
1095 801 1202 849 vetera
1225 749 1322 853 sunt.
1350 785 1429 850 Re·

537 875 677 944 centiora
699 891 824 939 autem.
1159 919 1162 926 .

583 969 634 1028 18.
657 957 899 1036 Probabilismus
922 956 964 1024 est
987 955 1114 1036 rejectus
1146 955 1185 1022 ab
1207 954 1303 1024 Alex.
1324 957 1423 1024 VII.

437 1047 451 1066 χ
537 1048 573 1115 in
596 1046 728 1134 Prologo
750 1065 834 1112 notre
854 1044 990 1111 Coullit.
1022 1066 1075 1127 per
1098 1064 1133 1110 ea
1151 1042 1246 1111 verba
1278 1047 1424 1112 :modus

536 1136 679 1216 opinandi
705 1130 847 1219 irrepfit‚
878 1133 992 1197 alicnus
1017 1131 1133 1194 omnino
1157 1131 1197 1195 ab
1226 1129 1418 1219 Euangeliou

531 1219 746 1309 fimplicitate‚
771 1217 1002 1305 Santlorumque
1024 1218 1154 1283 ‘Parrum
1179 1217 1325 1284 Doflrina
1345 1219 1419 1287 &a

585 1331 635 1394 19.
658 1309 708 1375 Est
730 1307 897 1374 damnatus
920 1305 953 1372 in
976 1302 1186 1374 sacramentis
1223 1305 1344 1392 Propos.
1382 1329 1414 1373 1.

541 1398 654 1464 Innoc.
680 1397 741 1463 XI.

581 1505 640 1548 20.-
658 1484 697 1547 ln
720 1479 853 1546 materia
878 1477 965 1547 Fidei
990 1479 1079 1564 Prop.
1096 1499 1126 1560 4„
1147 1477 1297 1560 ejusdem.
1354 1531 1358 1536 .

580 1588 632 1636 21.
658 1569 697 1632 In
721 1567 854 1632 materia
873 1565 989 1644 Judicii
1009 1567 1138 1652 Prop.2.
1160 1566 1311 1648 ejusdem.
1338 1569 1414 1634 Ad-

535 1656 594 1725 de:
622 1677 685 1719 non
702 1652 974 1735 condemnatum,
998 1653 1048 1719 sed
1071 1670 1180 1720 tamen
1197 1653 1349 1736 illicitum
1371 1655 1409 1723 in

536 1741 691 1822 Medico,
714 1739 886 1825 Magistro,
908 1739 1310 1826 caeteril'quc'Officialibus
1328 1742 1410 1809 Rei-

536 1827 693 1916 publicae.
723 1825 847 1910 Quidni
877 1850 951 1913 ergo
983 1825 1116 1894 illicitus
1139 1828 1238 1894 etiarn
1272 1829 1306 1896 in
1338 1828 1410 1895 aliis

534 1917 625 1984 rebus
646 1913 687 1980 ad
708 1913 866 1998 propriam
888 1914 1033 2000 cujusque
1059 1911 1191 1982 salutem
1223 1915 1412 2001 pertinenti-

535 2002 613 2071 bus?
635 2000 817 2086 Utrobique
840 1999 954 2082 enim,
978 1999 1029 2070 vel
1051 2023 1136 2086 aequa
1159 2001 1269 2085 ratio,
1302 2001 1354 2070 vel
1377 2027 1409 2069 e-

536 2090 619 2158 tiam
641 2086 759 2156 crr‘lrac
784 2106 872 2173 parte
896 2087 994 2168 major
1016 2087 1075 2156 est.
1100 2087 1139 2153 Et
1162 2088 1292 2173 quidem
1310 2089 1344 2156 in
1361 2089 1408 2156 hit

534 2173 803 2262 Proposrtiooibus
823 2173 1022 2257 virtualiter,
1046 2173 1097 2242 seu
1116 2175 1274 2260 arguitive
1296 2176 1404 2264 proba-

536 2263 646 2330 biliter
667 2261 855 2328 damnatum
877 2261 1077 2332 existimant.

581 2372 631 2416 aa.
656 2347 839 2416 Univerlim
865 2367 972 2416 autern
999 2349 1165 2416 damnatus
1196 2350 1237 2416 est
1261 2351 1350 2438 Prop.
1375 2375 1402 2439 3.

544 2433 732 2504 Innocentii
750 2434 906 2517 ejulilem.
931 2436 1101 2502 Generatim
1123 2437 1197 2504 dum
1215 2439 1409 2524 probabilita-

536 2541 567 2588 te
599 2549 650 2590 cve
671 2523 850 2606 intrinseca,
866 2519 935 2604 five
956 2524 1119 2605 extrinseca
1146 2527 1344 2610 quantumvis
1367 2545 1413 2592 te-

536 2611 618 2688 nui,
650 2610 733 2674 modo
755 2633 776 2675 a
798 2609 1029 2676 Probabilitatis
1048 2609 1165 2692 finibus
1187 2637 1244 2678 non
1264 2633 1407 2697 exeatur,

534 2693 635 2777 confifi
653 2696 774 2780 aliquid
793 2696 931 2782 agimus,
946 2695 1063 2785 semper
1082 2699 1244 2785 prudenter
1263 2701 1380 2790 agimus
1397 2749 1406 2767 .

535 2783 645 2867 Atque
661 2779 717 2848 hic
731 2779 793 2849 elle
811 2780 1018 2868 proscriptum
1037 2783 1071 2852 vi
1094 2784 1255 2854 ratiocinii
1280 2787 1409 2856 eviden-

475 2909 478 2915 =
536 2867 581 2936 tis
601 2866 815 2950 arbitrantur,
836 2867 920 2956 quod
942 2871 985 2937 est
1013 2871 1120 2956 idem,
1141 2895 1177 2940 ac
1200 2873 1381 2942 evidenter.

580 2977 599 3021 2
623 2954 824 3041 ,Quoddam
853 2956 1041 3026 Concilium
1077 2957 1284 3029 Gallicanum
1314 2983 1402 3044 1700.

536 2977 667 3112 Delroc
689 3067 788 3126 vero,
812 3063 919 3129 prater
936 3044 1026 3130 alia,
1057 3069 1125 3132 quae
1147 3069 1256 3133 parum
1275 3050 1313 3114 ad
1337 3073 1405 3116 rem

441 3149 444 3154 ·
536 3126 677 3212 faciunt,
701 3130 763 3197 tria
788 3129 943 3199 afferunt.
971 3156 997 3200 1.
1025 3133 1059 3200 in
1086 3158 1126 3201 eo
1150 3133 1238 3204 fuisse
1261 3134 1405 3204 Probabi-

536 3213 666 3283 lismum
683 3217 1006 3289 condemnatumuz.
1026 3217 1113 3288 fuisse
1131 3220 1315 3293 Concilium
1334 3225 1404 3290 Na-

536 3300 683 3392 tionalc..
699 3325 727 3389 3.
746 3302 835 3372 suillo
853 3303 993 3392 plenius,
1014 3307 1219 3376 &celebrius
1236 3309 1405 3392 omnium,

534 3412 603 3475 quae
625 3388 773 3458 botlenus
789 3392 824 3459 irr
847 3391 955 3460 Gallia
972 3391 1049 3463 falla
1073 3394 1161 3462 sunt.
1185 3396 1319 3465 Portalse
1337 3395 1401 3482 ple·

534 3476 661 3544 niffimo
677 3477 831 3546 Concilio
854 3479 1004 3548 Genetali
1028 3482 1228 3550 Laterancnsr
1248 3506 1279 3568 4.
1306 3481 1403 3550 simil-

534 3559 652 3633 limum
674 3583 787 3650 putes.
810 3564 972 3648 Addunt„
995 3588 1034 3635 ex
1058 3589 1096 3635 eo
1119 3571 1397 3724 temporebl'lnssba·
1471 3613 1473 3618 ι

1290 3683 1300 3725 ι
1315 3683 1324 3724 ι
1338 3695 1352 3709 ·
