3192 4592
641 253 663 308 l

602 492 663 559 rm
752 469 1274 540 Pnossriursmus‘

554 602 612 670 bus
634 618 788 681 utuntur3
803 599 862 685 fed
883 601 934 667 hoe
958 596 998 683 esl
1015 599 1151 686 falsum:
1176 596 1216 682 est
1240 624 1411 669 monium:

553 688 594 776 ‘ll
622 691 664 754 im
699 689 811 755 obabi'le
828 714 841 752 .·
871 705 1014 776 repugnat
1033 687 1213 776 scripture:
1244 685 1411 770 definitioni

554 776 710 844 Eccleiae:
732 775 867 842 evidenti
890 775 1019 844 rationi:
1047 793 1124 840 caret
1148 777 1279 860 ratione,
1301 778 1350 842 vel
1365 801 1417 842 nu-

554 864 692 932 ehoriture
715 859 847 946 efficaci:
875 863 908 929 δι
927 861 1134 944 hujusmodi,
1158 881 1194 932 ut
1221 860 1299 930 infra
1324 859 1417 931 fusius

554 949 695 1018 dicetur.
718 949 843 1032 Quibus
868 949 998 1017 vocibus
1019 947 1241 1036 significantur
1264 948 1419 1038 principia
1481 1005 1484 1018 .

554 1055 667 1117 certa,
698 1059 751 1121 per
774 1059 845 1123 quar
870 1035 1050 1122 oppositum
1076 1035 1297 1121 improbatur.
1329 1039 1421 1108 Nam

555 1121 791 1210 probabilitas,
812 1146 878 1190 riori
901 1120 958 1190 nisi
983 1122 1079 1192 certis
1106 1122 1288 1210 principiis,
1311 1124 1419 1212 praeci-

387 1221 449 1300 (a)
462 1233 516 1302 per
557 1233 617 1297 pue
635 1208 790 1298 pofitioe,
815 1208 927 1278 destrui
947 1210 1044 1295 potell
1061 1213 1126 1292 (a)
1146 1261 1154 1278 .

381 1307 526 1391 Cor.Sup.
602 1319 630 1383 3.
650 1295 880 1395 Atqueoetiam
905 1295 979 1364 hinc
1005 1294 1124 1394 liquet,
1146 1296 1331 1384 opinionem
1350 1323 1422 1384 pro·

387 1416 433 1492 3‘0

557 1383 696 1452 babilem
721 1383 873 1468 opinioni¹
897 1380 1097 1467 probabiliori
1116 1404 1331 1470 comparatam
1357 1409 1423 1454 non
1515 1455 1517 1476 Α

555 1471 688 1541 evadere
696 1467 938 1551 improbabilem
956 1516 979 1550 „
990 1467 1042 1536 vel
1059 1466 1185 1552 fallam,
1209 1469 1257 1536 uti
1276 1471 1423 1539 Probabi-

555 1556 681 1624 lioristae
705 1555 812 1639 pallios
838 1554 1023 1623 venditant.
1049 1553 1217 1622 Etenimsi
1242 1555 1302 1626 hoc
1327 1559 1424 1642 effer,

556 1643 709 1737 primum·
721 1638 809 1708 nulla
835 1639 961 1708 daretur
986 1663 1125 1740 unquam
1151 1666 1224 1711 vcra
1250 1642 1422 1730 respectiva

556 1727 780 1828 probabilitas,
803 1726 1124 1827 &probabiliorum
1148 1727 1199 1798 sed
1225 1753 1334 1799 omnes
1353 1730 1423 1800 leri-

444 1855 447 1860 ·
558 1834 669 1886 teutiae
693 1813 793 1882 eriam
822 1838 856 1880 in
880 1814 968 1882 rebus
985 1814 1101 1899 topicis
1118 1811 1215 1883 elsent
1233 1835 1325 1885 eertae
1347 1842 1424 1885 con-

391 1914 457 1997 (b)
469 1931 522 2003 per
559 1922 608 1972 rra
629 1899 827 2000 hypothesim
839 1902 926 2001 (b).
958 1900 1083 1974 Deinde
1102 1903 1254 1971 Dollores
1270 1903 1426 1990 oppositas

389 2006 481 2090 supp,
490 2023 521 2085 4.
561 1990 732 2060 sententias
749 1989 870 2074 semper
880 1989 1111 2076 improbarent,
1128 1989 1426 2063 &condemnarent

562 2098 713 2166 tanquam
737 2073 979 2162 improbabiles,
1000 2075 1035 2144 δι
1059 2071 1168 2158 fallas3
1189 2075 1272 2162 quod
1297 2101 1361 2148 non
1379 2076 1424 2148 fa-

391 2178 525 2263 (c)per
563 2166 685 2245 ciunt(
717 2167 758 2244 ).

391 2265 538 2351 conpre-
604 2275 635 2336 4.
654 2252 742 2320 Hinc
770 2249 891 2336 iterum
917 2248 968 2319 vel
994 2247 1133 2319 maxime
1161 2247 1287 2337 liquet,
1310 2253 1426 2340 (quod

396 2349 457 2418 ced.

561 2362 750 2426 magnopere
783 2335 1131 2434 animadvertendum,
1162 2337 1197 2406 bc
1221 2337 1286 2407 alra
1312 2359 1424 2409 mente

561 2427 765 2496 retinendum
789 2425 853 2503 est)
876 2420 1184 2508 probabiliorrtatem
1209 2449 1274 2494 non
1298 2425 1356 2494 elle
1373 2427 1426 2494 ab·

562 2513 724 2594 solutam,
746 2511 781 2578 &
807 2509 1027 2591 objee'livam,
1058 2508 1108 2578 sed
1131 2509 1334 2593 subjettivam
1351 2561 1361 2598 ,
1380 2515 1427 2584 -&

561 2597 786 2684 respeuivam,
809 2619 883 2665 cum
909 2593 972 2664 fere
997 2595 1119 2682 semper
1143 2621 1182 2667 ex
1208 2600 1329 2668 duobus
1352 2624 1428 2669 con·

561 2681 751 2838 τζῖἀίἃοτίἰε
776 2706 878 2751 unuin
897 2681 972 2767 uni,
986 2681 1134 2784 alierum
1159 2683 1217 2756 alii
1234 2687 1427 2775 probabilius

562 2797 595 2841 vi
616 2788 731 2841 eatur.

955 2903 1040 2972 XI.

607 3035 760 3104 notiores
777 3031 879 3104 etiarn
895 3031 1006 3105 sanni
1019 3033 1197 3122 complures
1218 3003 1334 3104 hibeni
1351 3038 1433 3105 Sen-

563 3123 682 3192 tentias
704 3122 839 3193 morales
863 3118 1004 3193 faventes
1028 3119 1187 3204 libertati,
1209 3120 1340 3207 ideoque
1366 3121 1431 3189 mi-

533 3246 534 3249 *
564 3233 624 3278 nus
653 3228 740 3281 tutus
771 3235 832 3300 prae
863 3206 1012 3297 oppositis
1046 3209 1229 3278 tutioribus⁴
1245 3203 1427 3277 faventibus

565 3297 685 3454 Lellos
714 3396 803 3471 patet
830 3380 1024 3470 potillimuru
1053 3379 1087 3448 in
1111 3383 1155 3450 Ι).
1179 3377 1339 3466 Thomu,
1369 3381 1429 3470 qui

567 3470 777 3540 centenas‘de
803 3469 944 3538 moribus
969 3464 1134 3552 opiniones
1157 3464 1297 3553 libertati
1323 3467 1451 3538 faveri--

568 3574 616 3628 tes
642 3575 752 3628 contra
773 3555 935 3644 Antiquos
961 3551 1091 3641 doruii,
1107 3575 1146 3627 ac
1162 3555 1405 3711 -propugogim

1349 3666 1383 3710 οι
