3192 4592
356 447 903 588 Maru.llllarrr.Daurousr.P.I.
973 538 1030 611 125

257 653 336 722 Cor.
359 673 386 718 1.
402 648 495 716 -llinc
515 647 580 715 Lex
592 643 713 729 stridle,
735 647 837 715 &late
860 648 965 748 primo
983 652 1081 720 modo

212 735 255 804 est
272 749 366 822 nor'a,
384 737 418 805 &
434 733 613 804 communis
628 732 795 816 omnibus,
815 735 982 804 uniformis
998 737 1078 825 apud

215 847 350 909 omnes,
372 825 406 892 δι
433 822 466 889 in
491 820 581 887 omui
606 820 705 903 llatu,
727 821 762 888 δι
785 821 999 906 invariabilis,
1021 824 1079 892 lal-

212 931 282 982 tem
308 931 343 981 ut
371 910 405 977 in
431 905 595 995 pluribus.
627 905 723 992 Quod
748 905 903 992 additur,
933 931 968 978 ut
993 911 1079 979 casus
1184 959 1186 966 ,

213 997 327 1086 aliquis
352 993 544 1082 excipiatur,
566 991 681 1079 inquo
703 991 827 1062 fortalle
851 994 955 1082 aliqua
973 998 1078 1066 Natio

213 1104 323 1154 contra
340 1082 419 1151 hauc
437 1083 554 1167 Legem
570 1077 689 1166 aliquid
706 1077 801 1163 facit,
819 1081 868 1150 uti
885 1081 956 1151 loco
974 1084 1078 1170 primo

215 1171 302 1258 supra
324 1169 450 1238 laudato
473 1164 688 1252 exemplificat
709 1167 751 1232 D.
769 1167 913 1235 Thomas
935 1170 973 1238 de
996 1171 1079 1240 Ger·

214 1257 341 1340 manis,
370 1255 426 1344 qui
449 1253 532 1320 olim
555 1251 760 1321 latrocinium
789 1251 917 1323 licitum
953 1275 1077 1344 reputa·

214 1345 307 1412 baur.
330 1345 392 1413 Sed
416 1340 524 1424 addit,
545 1338 606 1409 hoc
628 1339 705 1407 oriri
729 1363 767 1408 ex
789 1341 1013 1428 depravatione
1029 1367 1077 1412 ra-

215 1430 333 1515 tionis,
354 1448 424 1497 orta
446 1449 485 1496 ex
515 1427 667 1515 passione,
690 1427 741 1494 seu
763 1428 850 1494 mala
875 1429 1077 1498 consuetudi·

217 1541 276 1601 nr,
299 1517 352 1587 seu
374 1537 414 1585 ex
436 1510 517 1581 mala
547 1512 732 1582 habitudine
757 1534 894 1584 narurae.
918 1517 1079 1588 Caeterum
1188 1589 1192 1598 ,

215 1603 431 1674 communiter
447 1599 624 1682 hujusmodi
647 1603 712 1670 Lex
735 1621 856 1672 uaturae
881 1621 955 1671 nota
975 1604 1080 1672 omni-

217 1691 291 1777 bus,
314 1691 393 1777 apud
411 1711 522 1757 omnes
546 1688 731 1771 uniformis,
753 1692 787 1759 ἃ
805 1689 999 1759 invariabilis
1017 1692 1077 1761 est.

216 1781 306 1846 Nam
332 1772 455 1844 nonnisi
480 1773 657 1854 hujusmodi
680 1777 738 1844 elle
764 1779 911 1864 poliunt,
933 1801 1001 1864 quae
1025 1776 1079 1848 vel

210 1887 253 1934 ex
280 1861 428 1932 terminis
460 1878 536 1928 nota
558 1862 649 1943 lunt,
675 1879 710 1928 ut
755 1863 909 1950 rincipia,
931 1864 983 1933 vel
1011 1864 1079 1934 evi-

212 1952 325 2018 denter
350 1962 521 2028 eruuntur,
544 1966 579 2013 ut
605 1947 718 2014 conclu
732 1971 822 2017 iones
844 1950 1076 2036 demonstratae,

132 2069 135 2075 ·
211 2036 269 2104 ¹vel
295 2031 512 2126 communiter
545 2030 712 2100 evidenter
738 2032 787 2099 his
819 2036 889 2102 suut
914 2037 1078 2121 consona,

215 2142 252 2191 ut
277 2143 317 2189 ex
339 2123 436 2190 Scoto
458 2118 578 2186 dttlum
603 2118 662 2186 est.

257 2209 331 2277 Hoc
348 2205 473 2276 asseruit
499 2205 540 2270 D.
559 2204 705 2274 Thomas
721 2204 800 2275 locis
822 2205 983 2295 allegatis,
1005 2232 1078 2297 pta·

211 2295 321 2364 sertim
346 2295 512 2382 quastione
537 2289 593 2359 illa
622 2314 673 2377 94
700 2311 757 2361 art.
781 2317 839 2382 5.,
870 2295 923 2363 ubi
945 2294 1012 2384 agit
1037 2299 1077 2368 de
1114 2341 1118 2348 -
1171 2375 1173 2380 ,

212 2383 305 2471 Legis
326 2380 477 2450 naturalis
500 2380 785 2449 immutabilitate.

255 2469 415 2539 Henricus
432 2467 548 2554 Quodl.
571 2489 618 2535 12.
636 2469 736 2554 quaest.
759 2491 808 2557 13.
825 2469 923 2554 Dico,
947 2472 1025 2560 quod
1039 2472 1077 2540 il-

209 2559 280 2640 lud,
303 2557 382 2647 quod
399 2556 564 2654 secundum
587 2555 694 2622 reblam
716 2559 861 2658 rationem
882 2559 967 2625 deber
985 2557 1076 2644 ficri,

208 2642 1076 2828 intumulatus<lartius

204 2819 307 2904 fieri;
327 2843 379 2884 nec
402 2819 435 2884 in
457 2818 509 2885 hoc
532 2815 726 2902 diversificari
742 2820 862 2903 judicia
890 2821 1075 2908 Philosopho-

208 2933 293 2989 rum,
316 2905 586 2974 &catholicorum
595 2955 738 2976 ......
782 2908 869 2974 Sicut
896 2909 976 2973 enim
995 2907 1075 2995 quod

207 3018 312 3063 verum
336 2991 377 3075 cll
398 2994 479 3080 apud
501 2991 660 3079 quosdam,
681 3017 785 3083 vuum
808 2991 848 3076 est
864 2995 944 3082 apud
959 3019 1075 3079 omnes,

207 3106 300 3170 neque
322 3079 363 3163 est
395 3081 513 3167 aliquid
535 3105 639 3148 vnum
665 3081 829 3167 secundum
853 3079 1074 3169 Philosophiam

208 3189 331 3251 ueram,
351 3169 431 3256 quod
444 3192 502 3233 non
510 3165 556 3250 fit
570 3193 674 3235 vnum
684 3168 847 3252 secundum
865 3167 1073 3256 Theologiam,

208 3281 261 3322 nec
283 3283 300 3322 e
322 3255 454 3339 converfir
471 3276 482 3336 3
497 3252 545 3336 fic
568 3254 609 3335 cll
629 3257 666 3323 de
685 3280 743 3336 eu,
773 3256 851 3343 quod
874 3255 983 3324 rebium
1005 3253 1073 3339 est,

209 3361 266 3407 aut
284 3341 459 3427 faciendum
475 3342 637 3426 secundum
659 3340 764 3409 uttam
785 3341 955 3409 rationem.

256 3427 419 3496 &chunus
437 3430 471 3496 in
493 3452 525 3514 4.
541 3429 609 3498 dill.
627 3453 678 3530 ²5·
695 3428 797 3515 quast.
816 3433 844 3497 8.
862 3447 919 3498 art.
939 3452 968 3497 2.
986 3427 1072 3495 Nam

208 3513 326 3669 pprimta
348 3516 460 3689 Lepgrvmm
475 3513 1073 3691 &immunditiisculilbgllaiitd‘

231 3622 361 3689 gunter,
516 3630 539 3673 x
561 3623 671 3674 natura
788 3652 797 3672 .
864 3627 941 3674 ami
1014 3625 1073 3670 em·

977 3706 1030 3780 W
