3192 4592
311 461 878 537 Metti.Matu.Dtntousr.P.II.
927 480 986 550 293

162 602 346 685 netur(a).
370 601 465 686 Quod
496 623 534 668 ua
546 597 736 670 rationeesse
754 597 864 685 possit,
887 595 1033 682 proximo
1051 637 1054 644 Δ
1070 597 1132 674 (a)
1145 612 1200 682 per

161 687 295 758 Scholio
321 691 395 756 satis
419 625 613 775 expiicatum
632 733 643 769 ‚
663 704 758 773 atque
781 683 1030 782 probatumest.
1070 685 1156 750 Can„
1168 705 1197 768 3.

162 777 261 860 Unde
282 798 301 844 a
323 777 413 854 nobis
436 773 579 861 exempla
601 774 700 843 etiam
718 797 756 842 ex
780 775 819 838 D.
843 773 1032 860 Antonino,

161 863 295 950 aliisque
317 863 457 951 pluribus
481 865 575 949 Supp.
602 885 631 949 3.
662 861 841 952 generatim
866 858 1035 944 indicatis}

160 951 229 1017 imo
239 950 338 1018 etiam
361 975 398 1018 ert
414 949 555 1017 Hentico
572 950 657 1036 ipso,
680 947 851 1046 manifesto·
862 949 1033 1036 ceteroqui

164 1037 435 1105 Probabiliorismi
447 1035 625 1121 dissertum,
648 1035 742 1106 facile
752 1038 852 1106 afferri
864 1053 1032 1120 poterant;

162 1149 238 1193 cum
251 1126 348 1192 etiam
360 1122 424 1207 isti,
449 1121 749 1208 sicut&caeteri‚de
760 1126 849 1193 rebus
860 1123 1032 1192 moralibus

162 1212 313 1293 incertis,
337 1211 390 1279 vel
408 1212 505 1297 saepe,
527 1211 579 1280 vel
598 1213 764 1298 aliquando
782 1213 841 1280 hac
859 1211 981 1280 ratione
1000 1234 1034 1278 a·

159 1317 257 1385 gant,
273 1298 541 1385 quemadmodum
553 1323 609 1386 per
627 1301 655 1367 se
666 1297 969 1388 Ledo'respotetunt
980 1319 1033 1366 ex-

158 1385 269 1473 petiti.
300 1385 360 1452 Sed
378 1408 442 1452 non
459 1386 501 1451 est
519 1385 654 1455 omnino
671 1388 866 1474 opus‚srcuti
887 1386 1031 1458 universe

162 1473 314 1539 Praemon.
332 1493 385 1557 4.,
407 1474 440 1541 ἃ
452 1470 612 1560 sigillatim
622 1477 716 1564 Supp.
727 1499 757 1568 3.
775 1474 1007 1544 indicavimus.

200 1561 308 1645 Atque
329 1559 415 1645 quod
433 1560 479 1627 ita
501 1585 608 1647 gerere
632 1565 794 1648 potuerint
809 1561 894 1632 olim
912 1563 941 1632 se
959 1563 1029 1629 Ve-

159 1663 261 1725 neres,
284 1646 405 1711 mirum
423 1647 493 1713 sane
510 1673 573 1714 non
591 1651 650 1716 est.
675 1651 735 1718 Sed
753 1653 841 1720 enirn
856 1649 939 1738 quod
959 1648 1043 1740 pos-¹

158 1729 284 1798 sintita
307 1729 338 1797 se
359 1753 465 1817 gerere
489 1733 587 1800 etiarn
606 1759 683 1803 num
707 1736 947 1822 Recentiffimi,
962 1757 1030 1805 non

160 1814 262 1883 solum
280 1815 528 1898 vaddemirum,
551 1841 663 1886 vetum
686 1822 785 1911 etiam
809 1824 949 1908 lepidum
968 1825 1029 1892 est.

158 1905 241 1970 Sunt
264 1901 388 1970 etenim
411 1904 566 1990 praesentis
589 1904 688 1972 etiam
716 1910 869 1992 temporis
891 1911 1043 1994 Scripto-·
1090 1925 1108 1960 ·'

160 2010 228 2072 res,
250 1988 483 2076 jurati'alioqui
508 1990 791 2078 Probabiiioristae,
822 1995 905 2080 qui,
936 1996 1031 2062 editis

159 2076 348 2163 Operibus,
372 2077 682 2148 Probabiiiotismum
706 2079 802 2148 initio
834 2080 949 2149 acriter
971 2081 1033 2166 de-

166 2162 329 2231 fendentes
347 2163 554 2250 ,generatim
577 2164 732 2252 quidem,
755 2191 820 2232 non
853 2165 909 2234 nisr
935 2166 1035 2236 tutio·

159 2273 207 2318 res
229 2247 385 2338 velaeque
409 2251 602 2338 probabiles,
625 2251 678 2321 vel
698 2253 923 2344 probabiliores
946 2253 1032 2341 sequi

157 2336 324 2423 opiniones
348 2337 377 2404 se
406 2340 615 2423 profitentur3
638 2347 671 2407 'at
692 2340 770 2409 'cum
793 2341 832 2409 ad
856 2343 1038 2428 peculiares·

156 2423 521 2512 quasdamdifficiiiores
549 2426 730 2516 quaestiones
765 2427 939 2500 deventum
963 2430 1032 2518 est,

160 2535 217 2598 pro
238 2534 297 2595 eo,
320 2511 403 2598 quod
426 2510 480 2578 bas
504 2531 634 2584 tantum
656 2515 823 2600 opiniones
853 2515 1032 2604 affirmando

159 2596 307 2686 seligere,
324 2598 364 2666 ἃ
386 2599 550 2685 speciatim
573 2602 755 2671 Leuorbus
778 2627 968 2691 proponere,
994 2612 1042 2673 ac'

160 2685 321 2783 ostendere
346 2685 491 2770 debent,
514 2687 574 2757 suae
593 2687 817 2779 professionis,
856 2691 890 2759 ἃ
912 2689 1033 2844 obliFa3

157 2772 259 2842 tionis
280 2771 434 2842 videlicet
464 2773 586 2859 obliti,
615 2783 813 2851 rem'totam
844 2777 943 2848 etiam
988 2779 1046 2846 rbi·

158 2859 217 2946 ipsi
238 2857 341 2952 solum
363 2860 536 2948 transigunt
557 2865 730 2950 opinando,
762 2865 894 2952 ideoque
931 2865 1052 2935 somra'·

158 2946 383 3034 disputationis
404 2945 510 3048 aliqua
533 2969 668 3019 utuntur
688 2955 800 3034 exiis,
823 2951 934 3038 quibus
955 2949 1043 3018 siben

161 3056 195 3098 ra
217 3033 352 3114 cuiusvis
374 3033 534 3128 opinionis
550 3038 640 3122 optio
662 3039 881 3119 permittitur.
913 3037 1041 3105 Nemi-⁴·-

164 3143 239 3186 nem
262 3120 428 3209 indigno,
460 3123 509 3191 sed
533 3124 803 3194 solum-Lesiores
827 3139 963 3206 cautos',
996 3122 1044 3198 &J

161 3207 342 3276 admonitos
371 3207 479 3277 sacio.
510 3212 603 3294 Quae
619 3208 804 3295 procedendi
841 3209 1002 3279 diversrtas
1019 3237 1042 3297 ,·

160 3295 194 3359 ἃ
216 3291 422 3364 inconstantia
438 3294 493 3383 qui
512 3295 579 3364 sieri
597 3297 708 3380 poffit,
730 3299 764 3366 δι
783 3296 865 3366 unde
888 3297 1029 3381 otiatur,

160 3375 310 3473 superiori
332 3380 461 3448 Scholio
483 3381 575 3468 satis,
598 3381 747 3471 inquam,
769 3384 923 3453 ostensum
947 3385 1006 3456 est.

207 3467 269 3533 Has
299 3468 454 3547 praemissis
486 3479 554 3539 tota
585 3469 650 3539 haec
682 3471 816 3545 secunda
860 3471 933 3542 Pars
966 3493 1028 3541 una

161 3546 377 3642 Proposrtiode
398 3554 677 3628 demonstrabitur.
754 3590 759 3598 ·
802 3588 819 3616 ·-
962 3591 965 3599 ¹
1032 3565 1036 3597 ²

590 3646 625 3713 T
655 3667 673 3741 3
870 3649 984 3718 PRO·
