3192 4592
291 545 296 554 .
354 485 900 583 stirnntmomonsnttt.
960 495 1026 571 ‘185

203 618 372 700 titudinis,
388 618 554 702 veritatis,
571 619 765 688 securitatis.
783 617 978 704 Adduntque
998 639 1070 702 pro-

205 725 330 794 pterea,
352 706 536 774 Doelrinam
555 706 596 772 D.
614 705 751 775 Thomae
774 706 833 774 else
849 704 1069 790 approbatam,

203 817 268 862 non
290 810 416 862 tanturn
437 791 540 866 veluti
565 791 704 862 absolute
728 790 940 880 probabilem,
963 787 1014 856 sed
1034 814 1068 855 e-

203 880 286 957 tiam
311 898 460 966 tanquam
491 878 735 966 probabiliorem
759 928 770 961 ,
790 903 856 946 non
877 876 1005 964 quidem
1034 874 1068 942 in

80 1051 81 1058 ἵ
187 965 384 1038 ¹universum
409 966 621 1052 determinare,
642 990 678 1034 ac
698 965 838 1048 definire3
863 964 910 1033 ita
932 981 968 1031 ut
984 986 1067 1049 quae·

80 1069 88 1144 l
203 1052 281 1124 libet
309 1051 466 1120 sententia
488 1051 523 1120 stt
554 1050 771 1138 peculiariter,
794 1053 828 1120 δι
855 1049 986 1119 desinite
1010 1073 1067 1116 ve·

205 1137 270 1208 luti
296 1137 498 1226 probabilior¹
517 1140 710 1226 approbata,
741 1137 793 1211 sed
818 1138 853 1205 in
880 1134 1065 1204 universim

203 1223 449 1307 indeterminate,
474 1225 517 1291 (Ὺ
542 1226 715 1310 indefinite,
736 1251 771 1292 ac
786 1229 960 1322 plerrimque
975 1226 988 1302 (
1005 1221 1067 1290 hoc

203 1312 291 1384 enim
315 1312 470 1380 vocabulo
497 1313 601 1380 utitur
619 1312 846 1395 Piccinardus,
877 1309 949 1377 aliis
974 1310 1065 1390 Joan.
1098 1341 1102 1349 ·

205 1421 224 1466 a
240 1402 271 1470 S.
289 1398 436 1482 Thorna,
458 1400 646 1486 caeterique)
669 1401 714 1468 ira
733 1419 767 1469 ut
793 1397 903 1479 majori
920 1418 960 1464 ex
977 1413 1064 1480 parte

203 1485 263 1554 ssnt
297 1495 404 1554 te'vera
434 1489 607 1571 approbatae
641 1504 803 1574 tamquam
842 1481 1063 1570 probabiliores

205 1571 269 1652 (stc
286 1573 382 1648 ,enim
409 1571 489 1640 illud
512 1578 683 1662 plerumque
708 1570 883 1656 intelligo,
905 1571 940 1640 δι
964 1592 1003 1638 ex
1025 1567 1063 1636 li·

205 1661 295 1740 co),
325 1676 413 1728 certo
437 1677 543 1728 tamen
578 1660 648 1729 sciri
673 1686 738 1729 non
763 1660 881 1747 possit,
910 1681 979 1744 quar
1003 1593 1063 1724 dot

205 1747 400 1811 determinate
421 1746 661 1830 probabiliores,
686 1749 817 1834 ideoque
840 1745 876 1813 stt
895 1743 1002 1827 nulla,
1024 1743 1063 1812 de

207 1853 269 1917 qua
284 1849 372 1898 certo
393 1831 538 1901 affirmari
560 1834 668 1918 possit.
692 1837 769 1903 Haec
785 1832 828 1902 est
844 1831 1011 1922 approbata
1027 1848 1064 1898 ut
1101 1861 1107 1871 ⁴
1139 1856 1142 1862 ¹
1168 1851 1172 1857 ·
1193 1840 1196 1844 ·

206 1915 366 1999 absolute,
387 1916 421 1982 δι
445 1916 477 1982 in
502 1917 532 1986 se
557 1918 761 2004 probabilior.

253 2005 330 2072 Haec
356 2001 398 2070 est
423 2026 579 2085 concors,
609 2005 643 2072 δι
667 2004 825 2072 unanimis
849 2003 888 2071 de
913 2003 1061 2090 approba-

208 2091 299 2160 tione
323 2089 483 2158 Doslrinae
502 2093 536 2161 S.
557 2088 722 2175 Thomae,
745 2089 914 2179 praesertim
939 2111 1063 2174 compa·

210 2195 277 2245 rata
307 2176 524 2262 approbationi
557 2176 714 2246 Dosltinae
751 2180 782 2246 S.
808 2177 1062 2258 Bunaventurae,

209 2263 448 2338 Thomillarum
476 2263 649 2336 sententia.

254 2372 282 2418 2.
310 2353 382 2434 Nos
400 2374 455 2438 per
471 2375 506 2418 ea
523 2353 635 2435 verba,
656 2352 755 2440 quoad
770 2347 989 2435 substantiam,
1006 2372 1063 2436 pu·

211 2455 315 2504 tamus
339 2437 397 2504 else
422 2437 663 2524 intelligendam
688 2436 909 2508 omnimodam
932 2435 1065 2504 substan-

211 2522 323 2592 tialem
347 2524 579 2612 approbationis
596 2525 794 2613 aequalitetu,
818 2523 939 2594 scilicet
963 2522 999 2590 iu
1017 2520 1065 2588 in-

213 2607 349 2695 susrone,
372 2611 524 2695 veritate,
547 2612 763 2697 certitudine,
785 2612 982 2692 securitate3
1012 2631 1065 2696 per

119 2767 122 2773 ,
213 2721 250 2765 ea
274 2721 368 2780 vero,
392 2700 489 2786 quoad
507 2700 642 2783 modum,
657 2700 813 2788 quandam
822 2696 1065 2768 accidentariam

214 2783 601 2872 inaequalitatem,s1ram
626 2787 794 2856 dumtaxat
820 2786 853 2854 in
880 2790 888 2853 i
913 2786 942 2852 sa
967 2783 1067 2851 forma

217 2872 523 2955 commendationis,
548 2875 581 2941 δι
598 2874 850 3028 approbationis,
875 2811 1007 2960 ideoque
1024 2867 1069 2937 al-

215 2975 316 3026 teram
332 2957 476 3026 abaltera
495 2958 527 3026 in
545 2983 584 3028 eo
599 2960 631 3028 so
645 2960 903 3040 odileriminari,
932 2957 1015 3043 quod
1023 2958 1066 3022 D.
1175 2987 1178 2995 ·

214 3043 350 3114 Thomae
361 3045 558 3118 Dotirinaex
579 3047 712 3128 rellrori,
729 3048 762 3114 δι
773 3043 946 3132 specialiori
956 3045 1069 3111 sermo-

214 3130 264 3230 nis
281 3127 400 3213 forma,
422 3132 475 3204 seu
492 3071 669 3217 illullriori,
691 3157 726 3202 ae
743 3130 951 3212 solemniori,
968 3147 1004 3197 ur
1020 3127 1068 3196 ita
1099 3165 1103 3174 ·

214 3215 345 3300 dicam,
368 3243 482 3306 pompa
498 3220 664 3306 approbata
686 3219 747 3300 eli,
770 3236 882 3287 catera
898 3236 1066 3303 utramque
1097 3274 1100 3282 .

211 3306 403 3372 convenire.
426 3309 623 3392 Quapropter
647 3322 801 3391 utraque,
822 3303 874 3372 vel
885 3322 1012 3371 tantum
1031 3319 1066 3370 ut

113 3402 115 3406 ·
215 3386 353 3458 absolute
397 3392 562 3476 robabilis,
584 3389 636 3461 vel
645 3391 744 3461 etiam
764 3411 799 3460 ut
811 3388 999 3478 probabilior
1014 3412 1069 3457 eo,-

215 3472 290 3540 dem
312 3416 424 3560 modis,
446 3479 559 3554 eodem
582 3503 620 3548 ue
638 3477 727 3566 plane
744 3476 893 3566 superiori
909 3476 997 3546 sensu
1014 3499 1066 3574 pp-

219 3558 351 3646 probata
362 3563 420 3632 est.
445 3566 483 3634 Id
498 3503 582 3654 quoi
596 3565 692 3638 stelle
710 3567 809 3654 potest
825 3563 1045 3716 demonstrem.

934 3672 962 3738 3·
1000 3666 1028 3718 ῐ·
