3192 4592
602 452 1245 542 328.Pnoaaa1a1s‘nus

556 582 827 671 probabilioritas',
848 579 1155 665 &indesententirc,
1180 579 1335 652 velcertae
1354 582 1439 666 ,vel

556 670 666 740 saltem
691 671 918 760 probabiliores
946 671 1152 750 statuantur,
1172 693 1241 754 qua
1259 689 1442 760 propterea

391 767 453 846 (a)
465 780 520 852 per
554 758 616 840 iarn
633 760 796 848 cognitaea
809 759 997 828 Dotloribus
1015 754 1226 824 defenduntur
1237 761 1301 838 (a).
1326 759 1361 826 Si
1373 783 1439 826 au-

391 858 518 941 Supno.
556 845 1443 933 temhasadpraximdeducinonoportet,utquidope-
1495 889 1496 900 .

393 959 477 1032 part.
490 960 517 1004 r.
555 933 795 1019 rahnjusmodi,
812 959 848 1003 ac
859 929 1070 1003 tamdifficilis
1087 930 1174 998 labor
1185 931 1352 1000 sumendus
1363 933 1438 1001 est?

569 1066 575 1074 -
599 1022 695 1103 Quod
717 1044 794 1089 vero
816 1020 855 1088 ad
876 1018 1011 1106 alterum
1042 1018 1083 1086 ab
1105 1018 1306 1088 anctoritate
1330 1037 1436 1106 caput

552 1107 694 1188 attinet,
718 1107 784 1175 haec
809 1105 1027 1194 prosecuntur.

604 1219 653 1260 11.
675 1192 768 1263 Plura
788 1195 1020 1280 Scripturarum
1044 1193 1113 1262 loca
1139 1193 1335 1262 inculcantia
1352 1213 1435 1281 pru-

557 1281 703 1351 dentiam
727 1282 907 1368 operandi,
936 1281 1134 1351 conscientia
1161 1281 1364 1350 securitatem
1395 1281 1435 1348 in

559 1370 648 1437 rebus
666 1369 816 1453 incertis,
839 1369 946 1438 salutis
964 1367 1212 1449 difficultatem,
1234 1366 1438 1436 morum-lu-

560 1455 764 1539 bricitatem,
787 1460 821 1523 δι
846 1457 1033 1536 laxitatem,
1055 1478 1091 1522 ac
1116 1453 1244 1522 similia.
1501 1527 1502 1532 .

608 1565 656 1608 12.
682 1542 773 1611 Plura
805 1543 984 1630 aliquorum
1023 1543 1153 1610 Petrum
1183 1540 1358 1611 testimonia
1393 1541 1434 1608 ira

563 1629 745 1714 eumdem,
768 1628 946 1720 fimilemve
971 1629 1111 1697 sensnm.

608 1739 657 1802 13.
682 1715 779 1793 Plura=
797 1716 881 1796 Juris
905 1717 1063 1786 Canonici
1087 1716 1182 1801 loca,
1203 1718 1236 1786 δι
1258 1714 1435 1804 exempla,

562 1803 616 1870 ubi
643 1803 678 1869 in
702 1803 824 1884 dubiis,
847 1804 880 1871 &
903 1804 1033 1873 incertis
1062 1803 1219 1891 eligitur,
1250 1801 1303 1871 vel
1326 1802 1435 1892 praeci-

562 1891 651 1979 pitur
674 1891 729 1958 via
752 1891 908 1974 securior,
931 1911 986 1960 aut
1010 1892 1222 1979 probabilior.

578 2045 582 2050 .
611 1999 659 2061 14
683 1977 828 2047 Plnrium
852 1979 1054 2067 antiquorum
1080 1978 1325 2066 Theologorum
1350 1977 1434 2048 testi·

564 2064 692 2134 monia.
716 2067 835 2136 Putant
862 2067 968 2151 enirn,
991 2067 1218 2154 antiquitatem
1240 2086 1344 2134 totam
1363 2067 1437 2134 Pro·

564 2151 767 2222 babilismunr
790 2151 1010 2222 exhorruisse.
1034 2157 1079 2221 Ex
1104 2153 1152 2222 his
1175 2172 1285 2222 autem
1310 2154 1380 2221 sunt
1404 2177 1436 2220 e-

566 2240 648 2306 tiam
677 2241 750 2308 Alb.
768 2243 901 2328 Magn,
922 2240 1016 2309 Alex.
1036 2240 1164 2325 Alens,
1184 2243 1227 2308 D.
1238 2243 1379 2324 Bonan,
1401 2241 1435 2308 δι

567 2330 699 2410 Scotus,
720 2352 799 2415 quos
824 2327 941 2396 idcirco
967 2328 1128 2415 speciatim
1148 2351 1386 2410 commemoro,
1402 2327 1435 2394 dc
1464 2355 1466 2364 ·

567 2414 651 2566 smd
672 2439 711 2484 ex
736 2415 775 2482 iis
798 2415 989 2485 nonoribus
1012 2415 1096 2497 lint,
1115 2439 1192 2504 quos
1210 2414 1436 2484 Probabilismo
1505 2465 1506 2468 η

581 2503 706 2585 avere,
736 2521 807 2572 tum
832 2525 870 2572 ex
892 2503 1116 2572 communibus
1136 2527 1250 2572 eorum
1274 2500 1439 2592 principiis

569 2588 660 2654 Parte
686 2589 807 2674 prima,
830 2609 900 2657 tum
924 2589 1022 2657 etiam
1050 2591 1259 2678 peculiaribus
1282 2588 1440 2676 exemplis

567 2674 702 2740 secunda
724 2675 815 2742 Parte
838 2675 974 2744 adduslis
996 2677 1205 2746 demonstravi
1227 2729 1236 2761 ,
1267 2680 1302 2747 dc
1324 2696 1361 2746 ut
1386 2676 1440 2743 vi·

569 2761 660 2859 deas,
684 2762 816 2841 Letlor,
842 2787 891 2829 me
915 2762 948 2828 in
972 2762 1033 2832 hoc
1056 2767 1160 2852 Opere
1184 2764 1268 2833 nihil
1293 2765 1433 2852 ingenue

570 2846 779 2916 diffimulare.
804 2850 859 2916 Ne
876 2869 984 2918 autem
1003 2849 1108 2919 srullra
1125 2853 1282 2935 onereris,
1305 2850 1377 2920 satis
1395 2851 1440 2919 est

570 2935 685 3002 horum
703 2933 792 3021 plura
811 2933 879 3005 loca
903 2937 1075 3007 universim
1092 2938 1280 3027 indigitare.
1305 2939 1439 3008 Etenim

571 3047 608 3090 ea
640 3046 694 3110 per
724 3023 891 3092 extensum
926 3025 1034 3093 videre
1061 3025 1139 3096 licet
1167 3029 1249 3114 apud
1285 3028 1442 3096 Aunores

570 3109 747 3179 haedere
772 3113 1014 3210 pertraslantes.
1038 3113 1111 3180 Nisa
1136 3115 1222 3200 quod
1249 3112 1347 3182 sacere
1373 3136 1440 3180 non

570 3196 710 3284 possum,
732 3222 813 3284 qum
837 3200 875 3268 ad
900 3200 1032 3269 verbum
1058 3202 1186 3271 afferam
1212 3223 1308 3270 uuum
1332 3198 1440 3268 locum

569 3282 646 3352 Alb.
664 3285 797 3372 Magn,
819 3286 894 3371 quia
917 3285 1069 3356 celebrior
1094 3289 1155 3371 est,
1177 3289 1212 3358 dc
1235 3290 1311 3358 duos
1330 3287 1438 3371 Semi,

613 3370 769 3441 tissimum
802 3390 838 3440 ut
864 3375 1030 3461 cognoscas
1049 3377 1262 3462 quorumdam
1294 3373 1441 3442 Probabi-

585 3458 760 3555 iorillarurn
787 3459 821 3526 in
847 3459 1016 3546 allegandis
1042 3461 1230 3531 testimoniis
1254 3460 1442 3532 exaslitudi·

571 3571 668 3630 nem,
692 3545 1020 3633 atquefidelitatem.
1301 3634 1344 3704 Al

1347 3658 1395 3704 ex.
