3192 4592
599 471 1262 544 168.P.R0ntt811.18M113'

552 601 787 688 cognitionem,
810 599 862 668 seu
885 599 978 687 usque
1000 599 1039 670 ad
1060 602 1227 672 seientiam
1245 601 1417 684 veritatis3
1508 646 1509 667 2

550 713 587 758 ao
603 687 740 775 proinde
764 706 799 756 ut
826 687 1010 758 Intelleous
1033 707 1178 760 teneatur
1208 688 1305 766 alicui
1329 690 1410 776 parti
1508 700 1509 707 ’

550 775 760 846 determinate
784 773 959 858 allentire,
986 777 1159 861 requiritur
1185 773 1329 857 veritas,
1359 777 1410 845 seu

551 862 737 934 certitudo.
771 863 844 930 Hoc
866 860 954 928 enim
986 861 1150 950 colligitur
1178 887 1216 932 ex
1242 862 1413 932 locutioni·
1508 878 1509 881 ’

550 952 607 1020 bus
630 949 715 1036 supra
739 948 774 1016 in
796 946 898 1031 prima
919 947 1008 1018 caula
1028 949 1171 1038 allegatis
1195 1001 1203 1014 .
1226 953 1330 1034 Quare
1339 947 1416 1017 Alb.

529 1039 641 1128 Mag.
670 1037 710 1102 In
736 1057 763 1102 1.
788 1035 1030 1104 Senserunitr.
1054 1061 1131 1117 2.,a.
1156 1039 1186 1102 6.
1209 1038 1342 1119 Errare,
1366 1035 1415 1102 in·
1508 1084 1509 1089 η

552 1125 644 1214 quit,
665 1120 706 1206 esi
730 1145 850 1188 morem
872 1120 1041 1206 defendere,
1057 1125 1112 1203 sed
1133 1126 1247 1212 opinari
1270 1123 1413 1209 coniugis

542 1213 644 1300 usque
676 1211 717 1279 ad
742 1209 900 1291 scientiam
931 1210 1146 1278 contradiliorii
1169 1209 1238 1293 fine
1262 1211 1413 1296 peiicaloi.

555 1302 629 1371 Hoc
647 1305 755 1372 autem
778 1296 911 1365 affirmat
935 1293 974 1361 in.
989 1297 1174 1382 quaestione:
1197 1298 1253 1363 An
1271 1297 1305 1362 in
1323 1316 1415 1362 mate-

552 1388 602 1452 rin
631 1383 795 1451 Trinitatis
815 1380 998 1480 periculofius
1021 1403 1155 1450 erratur:
1184 1405 1244 1471 qua
1267 1381 1358 1450 nihil
1382 1382 1421 1448 in'

472 1505 475 1518 ι
556 1468 738 1554 Theologia
759 1465 954 1548 delicatius„
984 1486 1019 1536 ut
1042 1467 1176 1556 liquet,
1206 1471 1264 1538 elle
1287 1467 1414 1553 potest.

557 1561 670 1643 Itaque
692 1552 848 1633 scientia,
879 1552 1002 1638 quaein
1024 1554 1338 1641 speculativisnebet
1364 1556 1419 1620 ln-

557 1642 721 1712 telleeium
745 1639 782 1706 ad
802 1661 896 1705 unam
920 1639 1045 1724 potius,
1066 1667 1161 1730 quarn
1180 1643 1218 1710 ad
1235 1641 1333 1710 aliam
1351 1663 1417 1720 par·

557 1748 627 1799 tem
648 1747 776 1815 cogere,
799 1743 893 1812 atque
916 1726 1144 1813 determinare,
1165 1752 1231 1796 non
1253 1729 1294 1795 ell
1317 1727 1416 1797 scien-

558 1815 625 1898 tia,
645 1834 700 1882 aut
723 1811 884 1884 certitudo
906 1811 1076 1900 improprie
1100 1817 1253 1902 sumpta,
1284 1815 1345 1882 hoc
1376 1815 1417 1882 est

538 1902 658 1984 major
683 1897 904 1987 probabilitas,
926 1899 979 1968 led
1002 1924 1095 1985 vera,
1118 1905 1152 1972 δι
1176 1902 1297 1989 propria
1319 1900 1427 1992 scien·-

558 1989 624 2073 tla,
645 2006 700 2056 aut
724 1984 905 2067 certitudo,
928 2010 987 2072 pro
1007 1987 1052 2055 rei
1075 2009 1183 2058 tamen
1207 2008 1334 2072 natura,
1356 2010 1417 2074 qua

560 2077 599 2150 de
621 2073 754 2162 agitur,
784 2091 881 2159 atque
902 2070 975 2143 ideo
997 2099 1073 2144 curn
1094 2076 1160 2146 haec
1184 2076 1296 2158 adest,
1325 2073 1420 2144 aliter

560 2162 675 2233 sentire
699 2161 859 2248 integrunt
872 2183 949 2230 non
971 2161 1032 2243 ell,
1054 2187 1127 2232 cum
1150 2187 1226 2233 vero
1247 2163 1346 2244 abest,
1367 2160 1418 2231 cui

561 2249 641 2337 parti
664 2245 840 2329 malueris,
869 2243 932 2315 five'
964 2249 1192 2334 probabiliori,
1223 2249 1285 2318 srve
1315 2249 1420 2316 minus

562 2334 716 2422 probabili
739 2331 894 2408 allentire,
908 2331 1066 2420 integrum
1088 2337 1148 2406 est.
1427 2415 1431 2422 ⁸

609 2445 657 2492 ια.
682 2421 770 2490 Hinc
801 2419 835 2486 in
857 2417 1082 2505 speculativis,
1112 2423 1211 2494 etiam
1241 2424 1279 2491 ad
1310 2421 1426 2492 Fidem

561 2505 811 2598 pertinentibus,
827 2504 903 2574 lieet
919 2506 1040 2592 opinari
1057 2507 1119 2579 live
1136 2511 1343 2596 probabilius,
1358 2507 1422 2578 stve

501 2677 504 2682 ¹
562 2593 765 2682 probabiliter
788 2592 946 2678 usquequo
967 2595 1085 2664 conllet
1101 2597 1161 2666 else
1176 2598 1214 2667 de
1236 2599 1315 2668 fide:
1361 2593 1424 2667 uod

560 2683 662 2766 etiam
686 2681 798 2754 Scotus
821 2679 910 2763 supra
929 2681 1107 2766 generatim
1140 2683 1281 2755 laudatus
1306 2620 1425 2752 indica-

521 2811 524 2820 ,
561 2766 640 2836 vit:
673 2787 717 2840 te.
733 2785 896 2852 propterea
917 2789 982 2834 nnn
1003 2768 1045 2837 est
1068 2768 1222 2842 oblivatio
1248 2770 1422 2851 credendi,

562 2851 621 2923 nili
643 2853 726 2940 quod
749 2871 857 2935 certo,
879 2851 913 2922 ἃ
936 2854 1099 2942 explorato
1128 2823 1166 2926 de
1200 2860 1262 2929 fide
1285 2859 1353 2928 est.
1386 2856 1423 2924 Id

563 2940 648 3028 quod
672 2940 771 3014 etiarn
795 2939 896 3026 liquet
917 2963 956 3010 ex
980 2938 1125 3012 formulis
1150 2946 1267 3029 Fidei,
1297 2942 1424 3032 quarab

562 3025 698 3104 Ecclella
719 3027 757 3098 ad
780 3026 990 3114 profitendum
1006 3029 1174 3116 aliquando
1191 3047 1426 3118 proponuntur,

562 3114 732 3202 inquibus
763 3114 903 3184 nonnisi
927 3135 1012 3186 certa
1034 3119 1122 3187 Fidei
1145 3118 1293 3204 dogmata
1314 3114 1421 3184 conti·
1506 3204 1507 3209 ἵ

561 3220 694 3272 nentur.
1018 3218 1020 3222 ’
1506 3212 1507 3241 ³

574 3325 576 3334 ν
609 3311 657 3362 ιι,
682 3290 736 3366 In·
753 3288 957 3376 speculativis
986 3313 1050 3356 non
1073 3289 1192 3358 idcirco
1223 3287 1301 3377 eligi
1317 3287 1424 3374 {potest

561 3375 674 3462 opinio
699 3375 804 3444 minus
827 3374 994 3465 probabilis
1017 3375 1051 3441 in
1073 3376 1249 3461 confliilu,
1279 3376 1364 3464 quod
1385 3399 1426 3444 ea
1505 3434 1506 3437 ,

562 3485 617 3552 per
647 3461 872 3532 inventionem
904 3459 1056 3541 majorum
1079 3463 1240 3532 rationum
1272 3465 1310 3534 de
1342 3464 1423 3530 statu

561 3573 644 3638 purae
665 3549 897 3637 probabilitatis
916 3548 1071 3660 attath,
1092 3550 1283 3638 probabilior
1304 3547 1423 3640 oppost-

922 3670 927 3722 ζ
1344 3655 1378 3705 ta
