<?xml version="1.0" encoding="UTF-8"?>
<!DOCTYPE html PUBLIC "-//W3C//DTD XHTML 1.0 Transitional//EN"
    "http://www.w3.org/TR/xhtml1/DTD/xhtml1-transitional.dtd">
<html xmlns="http://www.w3.org/1999/xhtml" xml:lang="en" lang="en">
 <head>
  <title>
</title>
<meta http-equiv="Content-Type" content="text/html;charset=utf-8" />
  <meta name='ocr-system' content='tesseract 3.04.00' />
  <meta name='ocr-capabilities' content='ocr_page ocr_carea ocr_par ocr_line ocrx_word'/>
</head>
<body>
  <div class='ocr_page' id='page_1' title='image "./probabilismusme00fortgoog_0103.png"; bbox 0 0 3192 4592; ppageno 0'>
   <div class='ocr_carea' id='block_1_1' title="bbox 529 421 1177 504">
    <p class='ocr_par' dir='ltr' id='par_1_1' title="bbox 529 421 1177 504">
     <span class='ocr_line' id='line_1_1' title="bbox 529 421 1177 504; baseline 0.003 -16"><span class='ocrx_word' id='word_1_1' title='bbox 529 441 571 504; x_wconf 83' lang='lat'>92</span> <span class='ocrx_word' id='word_1_2' title='bbox 660 421 1177 492; x_wconf 55' lang='lat' dir='ltr'>rotonarrrsrrns,</span> 
     </span>
    </p>
   </div>
   <div class='ocr_carea' id='block_1_2' title="bbox 396 543 1421 2277">
    <p class='ocr_par' dir='ltr' id='par_1_2' title="bbox 396 543 1421 2277">
     <span class='ocr_line' id='line_1_2' title="bbox 488 543 1345 646; baseline 0.004 -27"><span class='ocrx_word' id='word_1_3' title='bbox 488 549 537 619; x_wconf 92' lang='lat' dir='ltr'>dis</span> <span class='ocrx_word' id='word_1_4' title='bbox 568 549 705 634; x_wconf 87' lang='lat' dir='ltr'>superius</span> <span class='ocrx_word' id='word_1_5' title='bbox 726 543 911 646; x_wconf 71' lang='lat' dir='ltr'>explicatis,</span> <span class='ocrx_word' id='word_1_6' title='bbox 933 551 1031 636; x_wconf 85' lang='lat' dir='ltr'>potest</span> <span class='ocrx_word' id='word_1_7' title='bbox 1057 549 1217 622; x_wconf 80' lang='lat' dir='ltr'>Voluntas</span> <span class='ocrx_word' id='word_1_8' title='bbox 1243 549 1345 640; x_wconf 82' lang='lat' dir='ltr'>ipsum</span> 
     </span>
     <span class='ocr_line' id='line_1_3' title="bbox 483 635 1349 794; baseline -0.001 -85"><span class='ocrx_word' id='word_1_9' title='bbox 483 637 601 794; x_wconf 52' lang='lat' dir='ltr'>qbyfice</span> <span class='ocrx_word' id='word_1_10' title='bbox 617 637 824 707; x_wconf 78' lang='lat' dir='ltr'>determinare</span> <span class='ocrx_word' id='word_1_11' title='bbox 842 635 879 702; x_wconf 92' lang='lat' dir='ltr'>ad</span> <span class='ocrx_word' id='word_1_12' title='bbox 896 659 1125 728; x_wconf 68' lang='lat' dir='ltr'>quamcumque</span> <span class='ocrx_word' id='word_1_13' title='bbox 1144 659 1264 725; x_wconf 88' lang='lat' dir='ltr'>partem</span> <span class='ocrx_word' id='word_1_14' title='bbox 1280 663 1349 709; x_wconf 61' lang='lat' dir='ltr'>maa</span> 
     </span>
     <span class='ocr_line' id='line_1_4' title="bbox 504 721 1348 809; baseline -0.001 -14"><span class='ocrx_word' id='word_1_15' title='bbox 504 726 585 795; x_wconf 86' lang='lat' dir='ltr'>uerit</span> <span class='ocrx_word' id='word_1_16' title='bbox 601 725 642 792; x_wconf 91' lang='lat' dir='ltr'>ob</span> <span class='ocrx_word' id='word_1_17' title='bbox 654 721 794 809; x_wconf 75' lang='lat' dir='ltr'>,aliquam</span> <span class='ocrx_word' id='word_1_18' title='bbox 817 722 994 806; x_wconf 81' lang='lat' dir='ltr'>rationem,</span> <span class='ocrx_word' id='word_1_19' title='bbox 1016 727 1068 796; x_wconf 78' lang='lat' dir='ltr'>ltu</span> <span class='ocrx_word' id='word_1_20' title='bbox 1085 725 1227 809; x_wconf 80' lang='lat' dir='ltr'>causant,</span> <span class='ocrx_word' id='word_1_21' title='bbox 1248 726 1348 794; x_wconf 86' lang='lat' dir='ltr'>etiam</span> 
     </span>
     <span class='ocr_line' id='line_1_5' title="bbox 488 811 1348 901; baseline 0 -21"><span class='ocrx_word' id='word_1_22' title='bbox 488 814 518 882; x_wconf 84' lang='lat' dir='ltr'>le</span> <span class='ocrx_word' id='word_1_23' title='bbox 543 828 714 880; x_wconf 80' lang='lat' dir='ltr'>tenentem</span> <span class='ocrx_word' id='word_1_24' title='bbox 736 832 779 882; x_wconf 78' lang='lat' dir='ltr'>,ex</span> <span class='ocrx_word' id='word_1_25' title='bbox 807 827 892 894; x_wconf 86' lang='lat' dir='ltr'>parte</span> <span class='ocrx_word' id='word_1_26' title='bbox 926 828 1052 880; x_wconf 89' lang='lat' dir='ltr'>tantum</span> <span class='ocrx_word' id='word_1_27' title='bbox 1070 811 1348 901; x_wconf 71' lang='lat' dir='ltr'>¹luitnotetipfivs,</span> 
     </span>
     <span class='ocr_line' id='line_1_6' title="bbox 489 895 1051 983; baseline -0.004 -17"><span class='ocrx_word' id='word_1_28' title='bbox 489 924 554 967; x_wconf 89' lang='lat' dir='ltr'>non</span> <span class='ocrx_word' id='word_1_29' title='bbox 577 922 652 966; x_wconf 88' lang='lat' dir='ltr'>vero</span> <span class='ocrx_word' id='word_1_30' title='bbox 678 919 715 966; x_wconf 84' lang='lat' dir='ltr'>ert</span> <span class='ocrx_word' id='word_1_31' title='bbox 728 897 827 983; x_wconf 70' lang='lat' dir='ltr'>sparte</span> <span class='ocrx_word' id='word_1_32' title='bbox 847 895 1051 969; x_wconf 79' lang='lat' dir='ltr'>Intelletrus.</span> 
     </span>
     <span class='ocr_line' id='line_1_7' title="bbox 491 983 1421 1073; baseline -0.001 -20"><span class='ocrx_word' id='word_1_33' title='bbox 491 1026 494 1032; x_wconf 77' lang='lat'>,</span> <span class='ocrx_word' id='word_1_34' title='bbox 533 1009 563 1073; x_wconf 86' lang='lat'>3.</span> <span class='ocrx_word' id='word_1_35' title='bbox 581 988 640 1054; x_wconf 81' lang='lat' dir='ltr'>&#39;Ita</span> <span class='ocrx_word' id='word_1_36' title='bbox 663 1009 701 1054; x_wconf 85' lang='lat' dir='ltr'>ue</span> <span class='ocrx_word' id='word_1_37' title='bbox 722 983 806 1070; x_wconf 89' lang='lat' dir='ltr'>quod</span> <span class='ocrx_word' id='word_1_38' title='bbox 823 983 1075 1070; x_wconf 82' lang='lat' dir='ltr'>probabilitatem</span> <span class='ocrx_word' id='word_1_39' title='bbox 1102 985 1269 1072; x_wconf 82' lang='lat' dir='ltr'>prasertim</span> <span class='ocrx_word' id='word_1_40' title='bbox 1287 984 1355 1069; x_wconf 87' lang='lat' dir='ltr'>spe·</span> <span class='ocrx_word' id='word_1_41' title='bbox 1420 1018 1421 1022; x_wconf 39' lang='lat'>¹</span> 
     </span>
     <span class='ocr_line' id='line_1_8' title="bbox 488 1010 1357 1159; baseline -0.007 -17"><span class='ocrx_word' id='word_1_42' title='bbox 488 1074 572 1156; x_wconf 70' lang='lat' dir='ltr'>diat,</span> <span class='ocrx_word' id='word_1_43' title='bbox 595 1010 756 1140; x_wconf 84' lang='lat' dir='ltr'>leuntas</span> <span class='ocrx_word' id='word_1_44' title='bbox 769 1068 885 1159; x_wconf 81' lang='lat' dir='ltr'>phyficr</span> <span class='ocrx_word' id='word_1_45' title='bbox 908 1071 1027 1142; x_wconf 89' lang='lat' dir='ltr'>efficere</span> <span class='ocrx_word' id='word_1_46' title='bbox 1051 1073 1166 1156; x_wconf 86' lang='lat' dir='ltr'>potcll,</span> <span class='ocrx_word' id='word_1_47' title='bbox 1189 1090 1226 1140; x_wconf 90' lang='lat' dir='ltr'>ut</span> <span class='ocrx_word' id='word_1_48' title='bbox 1251 1068 1357 1138; x_wconf 87' lang='lat' dir='ltr'>Intel-</span> 
     </span>
     <span class='ocr_line' id='line_1_9' title="bbox 490 1155 1351 1246; baseline -0.002 -17"><span class='ocrx_word' id='word_1_49' title='bbox 490 1159 588 1229; x_wconf 76' lang='lat' dir='ltr'>letlns</span> <span class='ocrx_word' id='word_1_50' title='bbox 618 1158 719 1246; x_wconf 88' lang='lat' dir='ltr'>magis</span> <span class='ocrx_word' id='word_1_51' title='bbox 752 1157 934 1240; x_wconf 76' lang='lat' dir='ltr'>adhaereat,</span> <span class='ocrx_word' id='word_1_52' title='bbox 964 1159 1169 1245; x_wconf 74' lang='lat' dir='ltr'>essentiaeque</span> <span class='ocrx_word' id='word_1_53' title='bbox 1203 1155 1351 1243; x_wconf 85' lang='lat' dir='ltr'>opinioni</span> 
     </span>
     <span class='ocr_line' id='line_1_10' title="bbox 490 1241 1354 1333; baseline -0.006 -18"><span class='ocrx_word' id='word_1_54' title='bbox 490 1248 598 1316; x_wconf 89' lang='lat' dir='ltr'>minus</span> <span class='ocrx_word' id='word_1_55' title='bbox 614 1241 786 1333; x_wconf 87' lang='lat' dir='ltr'>probabili,</span> <span class='ocrx_word' id='word_1_56' title='bbox 808 1267 901 1332; x_wconf 88' lang='lat' dir='ltr'>quarn</span> <span class='ocrx_word' id='word_1_57' title='bbox 921 1243 1120 1329; x_wconf 67' lang='lat' dir='ltr'>probabiliori</span> <span class='ocrx_word' id='word_1_58' title='bbox 1139 1241 1242 1314; x_wconf 87' lang='lat' dir='ltr'>eidem</span> <span class='ocrx_word' id='word_1_59' title='bbox 1263 1265 1354 1312; x_wconf 87' lang='lat' dir='ltr'>com·</span> 
     </span>
     <span class='ocr_line' id='line_1_11' title="bbox 490 1328 1352 1435; baseline -0.006 -34"><span class='ocrx_word' id='word_1_60' title='bbox 490 1354 620 1435; x_wconf 82' lang='lat' dir='ltr'>pararae:</span> <span class='ocrx_word' id='word_1_61' title='bbox 640 1351 674 1400; x_wconf 87' lang='lat' dir='ltr'>ut</span> <span class='ocrx_word' id='word_1_62' title='bbox 691 1328 828 1403; x_wconf 82' lang='lat' dir='ltr'>rationes</span> <span class='ocrx_word' id='word_1_63' title='bbox 845 1328 1037 1418; x_wconf 84' lang='lat' dir='ltr'>illiusmagis</span> <span class='ocrx_word' id='word_1_64' title='bbox 1053 1329 1241 1418; x_wconf 74' lang='lat' dir='ltr'>consideret,</span> <span class='ocrx_word' id='word_1_65' title='bbox 1256 1349 1352 1416; x_wconf 88' lang='lat' dir='ltr'>quam</span> 
     </span>
     <span class='ocr_line' id='line_1_12' title="bbox 490 1413 1352 1512; baseline -0.008 -23"><span class='ocrx_word' id='word_1_66' title='bbox 490 1421 596 1490; x_wconf 82' lang='lat' dir='ltr'>illius:</span> <span class='ocrx_word' id='word_1_67' title='bbox 620 1437 656 1486; x_wconf 86' lang='lat' dir='ltr'>ut</span> <span class='ocrx_word' id='word_1_68' title='bbox 681 1417 817 1500; x_wconf 83' lang='lat' dir='ltr'>rationes</span> <span class='ocrx_word' id='word_1_69' title='bbox 838 1414 1020 1502; x_wconf 74' lang='lat' dir='ltr'>excogitet,</span> <span class='ocrx_word' id='word_1_70' title='bbox 1037 1417 1154 1506; x_wconf 87' lang='lat' dir='ltr'>quibus</span> <span class='ocrx_word' id='word_1_71' title='bbox 1165 1415 1221 1487; x_wconf 86' lang='lat' dir='ltr'>illa</span> <span class='ocrx_word' id='word_1_72' title='bbox 1243 1413 1352 1512; x_wconf 79' lang='lat' dir='ltr'>proba·</span> 
     </span>
     <span class='ocr_line' id='line_1_13' title="bbox 490 1502 1350 1588; baseline -0.007 -14"><span class='ocrx_word' id='word_1_73' title='bbox 490 1505 586 1575; x_wconf 87' lang='lat' dir='ltr'>bilior</span> <span class='ocrx_word' id='word_1_74' title='bbox 601 1503 762 1578; x_wconf 75' lang='lat' dir='ltr'>reddatur.</span> <span class='ocrx_word' id='word_1_75' title='bbox 776 1527 820 1578; x_wconf 74' lang='lat' dir='ltr'>,oc</span> <span class='ocrx_word' id='word_1_76' title='bbox 843 1502 1005 1588; x_wconf 86' lang='lat' dir='ltr'>videatur,</span> <span class='ocrx_word' id='word_1_77' title='bbox 1049 1504 1201 1574; x_wconf 73' lang='lat' dir='ltr'>namisias</span> <span class='ocrx_word' id='word_1_78' title='bbox 1226 1520 1262 1570; x_wconf 90' lang='lat' dir='ltr'>ut</span> <span class='ocrx_word' id='word_1_79' title='bbox 1280 1525 1350 1586; x_wconf 83' lang='lat' dir='ltr'>opr-</span> 
     </span>
     <span class='ocr_line' id='line_1_14' title="bbox 490 1583 1355 1676; baseline -0.009 -16"><span class='ocrx_word' id='word_1_80' title='bbox 490 1588 663 1673; x_wconf 87' lang='lat' dir='ltr'>netur,ch</span> <span class='ocrx_word' id='word_1_81' title='bbox 673 1588 892 1676; x_wconf 83' lang='lat' dir='ltr'>probabiliter,</span> <span class='ocrx_word' id='word_1_82' title='bbox 914 1587 1040 1676; x_wconf 86' lang='lat' dir='ltr'>velpro</span> <span class='ocrx_word' id='word_1_83' title='bbox 1061 1590 1190 1674; x_wconf 82' lang='lat' dir='ltr'>abilius,</span> <span class='ocrx_word' id='word_1_84' title='bbox 1212 1586 1265 1658; x_wconf 88' lang='lat' dir='ltr'>vel</span> <span class='ocrx_word' id='word_1_85' title='bbox 1281 1583 1355 1659; x_wconf 81' lang='lat' dir='ltr'>nul·</span> 
     </span>
     <span class='ocr_line' id='line_1_15' title="bbox 491 1674 1350 1762; baseline -0.007 -18"><span class='ocrx_word' id='word_1_86' title='bbox 491 1676 526 1744; x_wconf 93' lang='lat' dir='ltr'>lo</span> <span class='ocrx_word' id='word_1_87' title='bbox 546 1676 642 1745; x_wconf 82' lang='lat' dir='ltr'>modo</span> <span class='ocrx_word' id='word_1_88' title='bbox 666 1675 845 1762; x_wconf 78' lang='lat' dir='ltr'>opinetur,</span> <span class='ocrx_word' id='word_1_89' title='bbox 876 1674 928 1744; x_wconf 89' lang='lat' dir='ltr'>seu</span> <span class='ocrx_word' id='word_1_90' title='bbox 950 1675 988 1744; x_wconf 90' lang='lat' dir='ltr'>ab</span> <span class='ocrx_word' id='word_1_91' title='bbox 1002 1675 1170 1762; x_wconf 75' lang='lat' dir='ltr'>,opinando</span> <span class='ocrx_word' id='word_1_92' title='bbox 1202 1674 1319 1744; x_wconf 83' lang='lat' dir='ltr'>desistat</span> <span class='ocrx_word' id='word_1_93' title='bbox 1337 1697 1350 1738; x_wconf 84' lang='lat' dir='ltr'>r</span> 
     </span>
     <span class='ocr_line' id='line_1_16' title="bbox 493 1761 1352 1849; baseline 0.001 -16"><span class='ocrx_word' id='word_1_94' title='bbox 493 1782 530 1833; x_wconf 87' lang='lat' dir='ltr'>ut</span> <span class='ocrx_word' id='word_1_95' title='bbox 552 1766 695 1849; x_wconf 83' lang='lat' dir='ltr'>deponat·</span> <span class='ocrx_word' id='word_1_96' title='bbox 706 1761 858 1843; x_wconf 84' lang='lat' dir='ltr'>judicium</span> <span class='ocrx_word' id='word_1_97' title='bbox 872 1761 913 1834; x_wconf 84' lang='lat' dir='ltr'>de</span> <span class='ocrx_word' id='word_1_98' title='bbox 934 1763 1223 1848; x_wconf 77' lang='lat' dir='ltr'>probabilioritate.</span> <span class='ocrx_word' id='word_1_99' title='bbox 1247 1761 1352 1834; x_wconf 67' lang='lat' dir='ltr'>Idcme</span> 
     </span>
     <span class='ocr_line' id='line_1_17' title="bbox 490 1847 1351 1938; baseline -0.005 -21"><span class='ocrx_word' id='word_1_100' title='bbox 490 1873 552 1938; x_wconf 88' lang='lat' dir='ltr'>que</span> <span class='ocrx_word' id='word_1_101' title='bbox 583 1847 688 1917; x_wconf 87' lang='lat' dir='ltr'>m&#39;ulto</span> <span class='ocrx_word' id='word_1_102' title='bbox 712 1848 813 1934; x_wconf 84' lang='lat' dir='ltr'>magis</span> <span class='ocrx_word' id='word_1_103' title='bbox 826 1891 830 1908; x_wconf 79' lang='lat'><em>-</em></span> <span class='ocrx_word' id='word_1_104' title='bbox 845 1848 943 1934; x_wconf 90' lang='lat' dir='ltr'>potell</span> <span class='ocrx_word' id='word_1_105' title='bbox 970 1847 1136 1936; x_wconf 75' lang='lat' dir='ltr'>inaequali</span> <span class='ocrx_word' id='word_1_106' title='bbox 1163 1847 1351 1936; x_wconf 89' lang='lat' dir='ltr'>opinionum</span> 
     </span>
     <span class='ocr_line' id='line_1_18' title="bbox 489 1933 1352 2031; baseline -0.008 -27"><span class='ocrx_word' id='word_1_107' title='bbox 489 1934 740 2024; x_wconf 76' lang='lat' dir='ltr'>probabilitatez</span> <span class='ocrx_word' id='word_1_108' title='bbox 770 1936 845 2020; x_wconf 87' lang='lat' dir='ltr'>quia</span> <span class='ocrx_word' id='word_1_109' title='bbox 877 1933 976 2020; x_wconf 79' lang='lat' dir='ltr'>potest</span> <span class='ocrx_word' id='word_1_110' title='bbox 993 1934 1184 2012; x_wconf 79' lang='lat' dir='ltr'>,alterutram</span> <span class='ocrx_word' id='word_1_111' title='bbox 1209 1933 1352 2031; x_wconf 23' lang='lat' dir='ltr'>eligeret:</span> 
     </span>
     <span class='ocr_line' id='line_1_19' title="bbox 396 2020 1353 2116; baseline -0.006 -24"><span class='ocrx_word' id='word_1_112' title='bbox 396 2105 401 2116; x_wconf 37' lang='grc' dir='ltr'><em>Ι</em></span> <span class='ocrx_word' id='word_1_113' title='bbox 491 2023 594 2111; x_wconf 82' lang='lat' dir='ltr'>magis</span> <span class='ocrx_word' id='word_1_114' title='bbox 615 2021 941 2105; x_wconf 76' lang='lat' dir='ltr'>confiderateunam,</span> <span class='ocrx_word' id='word_1_115' title='bbox 960 2045 1057 2108; x_wconf 84' lang='lat' dir='ltr'>quam</span> <span class='ocrx_word' id='word_1_116' title='bbox 1081 2020 1232 2096; x_wconf 86' lang='lat' dir='ltr'>alteram:</span> <span class='ocrx_word' id='word_1_117' title='bbox 1256 2037 1353 2108; x_wconf 84' lang='lat' dir='ltr'>magas</span> 
     </span>
     <span class='ocr_line' id='line_1_20' title="bbox 415 2105 1352 2196; baseline 0.001 -19"><span class='ocrx_word' id='word_1_118' title='bbox 415 2145 425 2157; x_wconf 91' lang='lat'>··</span> <span class='ocrx_word' id='word_1_119' title='bbox 494 2110 580 2192; x_wconf 84' lang='lat' dir='ltr'>uni,</span> <span class='ocrx_word' id='word_1_120' title='bbox 608 2132 704 2196; x_wconf 87' lang='lat' dir='ltr'>quarn</span> <span class='ocrx_word' id='word_1_121' title='bbox 729 2107 822 2176; x_wconf 89' lang='lat' dir='ltr'>alteri</span> <span class='ocrx_word' id='word_1_122' title='bbox 847 2105 1034 2180; x_wconf 71' lang='lat' dir='ltr'>adhaererez-</span> <span class='ocrx_word' id='word_1_123' title='bbox 1054 2109 1193 2178; x_wconf 85' lang='lat' dir='ltr'>vividius</span> <span class='ocrx_word' id='word_1_124' title='bbox 1218 2107 1352 2178; x_wconf 70' lang='lat' dir='ltr'>rationes</span> 
     </span>
     <span class='ocr_line' id='line_1_21' title="bbox 441 2191 1351 2277; baseline -0.004 -13"><span class='ocrx_word' id='word_1_125' title='bbox 441 2201 446 2216; x_wconf 83' lang='lat'>&#39;</span> <span class='ocrx_word' id='word_1_126' title='bbox 493 2196 614 2277; x_wconf 79' lang='lat' dir='ltr'>nnius,</span> <span class='ocrx_word' id='word_1_127' title='bbox 635 2192 858 2269; x_wconf 80' lang='lat' dir='ltr'>&amp;solutiones</span> <span class='ocrx_word' id='word_1_128' title='bbox 880 2194 1049 2266; x_wconf 68' lang='lat' dir='ltr'>rationum,</span> <span class='ocrx_word' id='word_1_129' title='bbox 1063 2193 1195 2267; x_wconf 86' lang='lat' dir='ltr'>alterius</span> <span class='ocrx_word' id='word_1_130' title='bbox 1217 2191 1351 2270; x_wconf 79' lang='lat' dir='ltr'>conside·</span> 
     </span>
    </p>
   </div>
   <div class='ocr_carea' id='block_1_3' title="bbox 323 2279 1350 2370">
    <p class='ocr_par' dir='ltr' id='par_1_3' title="bbox 323 2279 1350 2370">
     <span class='ocr_line' id='line_1_22' title="bbox 323 2279 1350 2370; baseline -0.007 -17"><span class='ocrx_word' id='word_1_131' title='bbox 323 2330 328 2340; x_wconf 87' lang='lat'>-</span> <span class='ocrx_word' id='word_1_132' title='bbox 374 2335 379 2342; x_wconf 80' lang='lat'><strong>·</strong></span> <span class='ocrx_word' id='word_1_133' title='bbox 490 2279 622 2365; x_wconf 77' lang='lat' dir='ltr'>aare,sr</span> <span class='ocrx_word' id='word_1_134' title='bbox 663 2305 701 2355; x_wconf 83' lang='lat' dir='ltr'>ue</span> <span class='ocrx_word' id='word_1_135' title='bbox 726 2281 873 2349; x_wconf 86' lang='lat' dir='ltr'>animum</span> <span class='ocrx_word' id='word_1_136' title='bbox 894 2280 1048 2352; x_wconf 85' lang='lat' dir='ltr'>attentius</span> <span class='ocrx_word' id='word_1_137' title='bbox 1069 2283 1108 2352; x_wconf 88' lang='lat' dir='ltr'>ad</span> <span class='ocrx_word' id='word_1_138' title='bbox 1133 2301 1350 2370; x_wconf 84' lang='lat' dir='ltr'>partemeana·</span> 
     </span>
    </p>
   </div>
   <div class='ocr_carea' id='block_1_4' title="bbox 484 2367 1453 3074">
    <p class='ocr_par' dir='ltr' id='par_1_4' title="bbox 484 2367 1453 3074">
     <span class='ocr_line' id='line_1_23' title="bbox 492 2367 1351 2455; baseline -0.007 -19"><span class='ocrx_word' id='word_1_139' title='bbox 492 2368 567 2437; x_wconf 86' lang='lat' dir='ltr'>dem</span> <span class='ocrx_word' id='word_1_140' title='bbox 592 2391 653 2455; x_wconf 87' lang='lat' dir='ltr'>app</span> <span class='ocrx_word' id='word_1_141' title='bbox 666 2367 769 2449; x_wconf 79' lang='lat' dir='ltr'>icare3</span> <span class='ocrx_word' id='word_1_142' title='bbox 790 2391 854 2454; x_wconf 90' lang='lat' dir='ltr'>quo</span> <span class='ocrx_word' id='word_1_143' title='bbox 871 2367 941 2434; x_wconf 84' lang='lat' dir='ltr'>casu</span> <span class='ocrx_word' id='word_1_144' title='bbox 959 2392 1022 2436; x_wconf 91' lang='lat' dir='ltr'>non</span> <span class='ocrx_word' id='word_1_145' title='bbox 1047 2369 1147 2440; x_wconf 87' lang='lat' dir='ltr'>reddit</span> <span class='ocrx_word' id='word_1_146' title='bbox 1178 2389 1270 2436; x_wconf 82' lang='lat' dir='ltr'>unani</span> <span class='ocrx_word' id='word_1_147' title='bbox 1287 2382 1351 2450; x_wconf 61' lang='lat' dir='ltr'>pat*</span> 
     </span>
     <span class='ocr_line' id='line_1_24' title="bbox 487 2449 1453 2545; baseline -0.008 -21"><span class='ocrx_word' id='word_1_148' title='bbox 487 2473 742 2545; x_wconf 59' lang='lat' dir='ltr'>certioraque</span> <span class='ocrx_word' id='word_1_149' title='bbox 761 2452 972 2540; x_wconf 82' lang='lat' dir='ltr'>probabilibus</span> <span class='ocrx_word' id='word_1_150' title='bbox 995 2455 1237 2541; x_wconf 85' lang='lat' dir='ltr'>probabiliorem</span> <span class='ocrx_word' id='word_1_151' title='bbox 1253 2449 1345 2518; x_wconf 84' lang='lat' dir='ltr'>altera</span> <span class='ocrx_word' id='word_1_152' title='bbox 1447 2487 1453 2497; x_wconf 71' lang='lat'>,</span> 
     </span>
     <span class='ocr_line' id='line_1_25' title="bbox 484 2531 1346 2629; baseline 0.007 -26"><span class='ocrx_word' id='word_1_153' title='bbox 484 2553 549 2629; x_wconf 68' lang='lat' dir='ltr'>per</span> <span class='ocrx_word' id='word_1_154' title='bbox 580 2540 802 2613; x_wconf 79' lang='lat' dir='ltr'>inventionem</span> <span class='ocrx_word' id='word_1_155' title='bbox 834 2540 1008 2610; x_wconf 78' lang='lat' dir='ltr'>rationum·</span> <span class='ocrx_word' id='word_1_156' title='bbox 1029 2542 1268 2618; x_wconf 73' lang='lat' dir='ltr'>efficaciorem,</span> <span class='ocrx_word' id='word_1_157' title='bbox 1297 2531 1346 2602; x_wconf 86' lang='lat' dir='ltr'>sed</span> 
     </span>
     <span class='ocr_line' id='line_1_26' title="bbox 488 2620 1343 2777; baseline -0.005 -78"><span class='ocrx_word' id='word_1_158' title='bbox 488 2644 622 2699; x_wconf 78' lang='lat' dir='ltr'>tanturn</span> <span class='ocrx_word' id='word_1_159' title='bbox 638 2626 711 2695; x_wconf 78' lang='lat' dir='ltr'>nni</span> <span class='ocrx_word' id='word_1_160' title='bbox 731 2625 810 2713; x_wconf 83' lang='lat' dir='ltr'>parti</span> <span class='ocrx_word' id='word_1_161' title='bbox 843 2643 992 2699; x_wconf 53' lang='lat' dir='ltr'>mentem*</span> <span class='ocrx_word' id='word_1_162' title='bbox 1018 2627 1159 2698; x_wconf 88' lang='lat' dir='ltr'>vivacius</span> <span class='ocrx_word' id='word_1_163' title='bbox 1188 2620 1343 2777; x_wconf 52' lang='lat' dir='ltr'>applicat:</span> 
     </span>
     <span class='ocr_line' id='line_1_27' title="bbox 493 2709 1343 2799; baseline -0.009 -17"><span class='ocrx_word' id='word_1_164' title='bbox 493 2712 669 2799; x_wconf 85' lang='lat' dir='ltr'>relinquere</span> <span class='ocrx_word' id='word_1_165' title='bbox 698 2713 902 2786; x_wconf 75' lang='lat' dir='ltr'>lntelledlum</span> <span class='ocrx_word' id='word_1_166' title='bbox 930 2713 962 2782; x_wconf 89' lang='lat' dir='ltr'>in</span> <span class='ocrx_word' id='word_1_167' title='bbox 993 2714 1115 2797; x_wconf 88' lang='lat' dir='ltr'>dubio,</span> <span class='ocrx_word' id='word_1_168' title='bbox 1143 2712 1194 2782; x_wconf 92' lang='lat' dir='ltr'>vel</span> <span class='ocrx_word' id='word_1_169' title='bbox 1239 2709 1343 2778; x_wconf 79' lang='lat' dir='ltr'>obsum</span> 
     </span>
     <span class='ocr_line' id='line_1_28' title="bbox 490 2795 1346 2888; baseline -0.011 -18"><span class='ocrx_word' id='word_1_170' title='bbox 490 2798 610 2875; x_wconf 67' lang='lat' dir='ltr'>‚tollere</span> <span class='ocrx_word' id='word_1_171' title='bbox 635 2824 688 2886; x_wconf 91' lang='lat' dir='ltr'>per</span> <span class='ocrx_word' id='word_1_172' title='bbox 708 2800 859 2869; x_wconf 82' lang='lat' dir='ltr'>offensum</span> <span class='ocrx_word' id='word_1_173' title='bbox 877 2802 973 2888; x_wconf 84' lang='lat' dir='ltr'>partis</span> <span class='ocrx_word' id='word_1_174' title='bbox 994 2799 1191 2870; x_wconf 86' lang='lat' dir='ltr'>alterutrius.</span> <span class='ocrx_word' id='word_1_175' title='bbox 1215 2799 1253 2864; x_wconf 88' lang='lat' dir='ltr'>In</span> <span class='ocrx_word' id='word_1_176' title='bbox 1268 2795 1346 2862; x_wconf 84' lang='lat' dir='ltr'>lum·</span> 
     </span>
     <span class='ocr_line' id='line_1_29' title="bbox 486 2879 1345 2978; baseline -0.016 -16"><span class='ocrx_word' id='word_1_177' title='bbox 486 2907 549 2962; x_wconf 83' lang='lat' dir='ltr'>:ma</span> <span class='ocrx_word' id='word_1_178' title='bbox 564 2887 842 2973; x_wconf 74' lang='lat' dir='ltr'>potestvotunras</span> <span class='ocrx_word' id='word_1_179' title='bbox 859 2887 976 2978; x_wconf 80' lang='lat' dir='ltr'>phystce</span> <span class='ocrx_word' id='word_1_180' title='bbox 992 2887 1106 2975; x_wconf 85' lang='lat' dir='ltr'>eligere</span> <span class='ocrx_word' id='word_1_181' title='bbox 1127 2887 1166 2954; x_wconf 89' lang='lat' dir='ltr'>in</span> <span class='ocrx_word' id='word_1_182' title='bbox 1194 2879 1345 2972; x_wconf 87' lang='lat' dir='ltr'>opinioni·</span> 
     </span>
     <span class='ocr_line' id='line_1_30' title="bbox 487 2968 1349 3074; baseline -0.005 -32"><span class='ocrx_word' id='word_1_183' title='bbox 487 2972 572 3056; x_wconf 85' lang='lat' dir='ltr'>bus,</span> <span class='ocrx_word' id='word_1_184' title='bbox 593 2971 646 3041; x_wconf 91' lang='lat' dir='ltr'>vel</span> <span class='ocrx_word' id='word_1_185' title='bbox 662 2973 841 3074; x_wconf 62' lang='lat' dir='ltr'>aqualiter,</span> <span class='ocrx_word' id='word_1_186' title='bbox 862 2974 915 3046; x_wconf 88' lang='lat' dir='ltr'>vel</span> <span class='ocrx_word' id='word_1_187' title='bbox 932 2973 1124 3063; x_wconf 73' lang='lat' dir='ltr'>inaequaliter</span> <span class='ocrx_word' id='word_1_188' title='bbox 1147 2968 1349 3061; x_wconf 87' lang='lat' dir='ltr'>probabilibus</span> 
     </span>
    </p>
   </div>
   <div class='ocr_carea' id='block_1_5' title="bbox 383 3057 1351 3663">
    <p class='ocr_par' dir='ltr' id='par_1_5' title="bbox 383 3057 1351 3663">
     <span class='ocr_line' id='line_1_31' title="bbox 495 3057 1351 3158; baseline -0.002 -32"><span class='ocrx_word' id='word_1_189' title='bbox 495 3058 582 3158; x_wconf 76' lang='lat' dir='ltr'>inter</span> <span class='ocrx_word' id='word_1_190' title='bbox 607 3061 634 3133; x_wconf 87' lang='lat' dir='ltr'>se</span> <span class='ocrx_word' id='word_1_191' title='bbox 660 3081 849 3149; x_wconf 85' lang='lat' dir='ltr'>comparans</span> <span class='ocrx_word' id='word_1_192' title='bbox 881 3078 1027 3148; x_wconf 88' lang='lat' dir='ltr'>partem,</span> <span class='ocrx_word' id='word_1_193' title='bbox 1058 3085 1152 3148; x_wconf 91' lang='lat' dir='ltr'>quam</span> <span class='ocrx_word' id='word_1_194' title='bbox 1181 3057 1351 3141; x_wconf 85' lang='lat' dir='ltr'>maluerit,</span> 
     </span>
     <span class='ocr_line' id='line_1_32' title="bbox 495 3144 1344 3233; baseline -0.001 -20"><span class='ocrx_word' id='word_1_195' title='bbox 495 3145 629 3232; x_wconf 83' lang='lat' dir='ltr'>adeoque</span> <span class='ocrx_word' id='word_1_196' title='bbox 654 3149 798 3232; x_wconf 79' lang='lat' dir='ltr'>efficere,</span> <span class='ocrx_word' id='word_1_197' title='bbox 817 3166 853 3217; x_wconf 91' lang='lat' dir='ltr'>ut</span> <span class='ocrx_word' id='word_1_198' title='bbox 868 3170 966 3233; x_wconf 63' lang='lat' dir='ltr'>,mens</span> <span class='ocrx_word' id='word_1_199' title='bbox 988 3147 1022 3214; x_wconf 93' lang='lat' dir='ltr'>in</span> <span class='ocrx_word' id='word_1_200' title='bbox 1046 3171 1082 3215; x_wconf 92' lang='lat' dir='ltr'>ea</span> <span class='ocrx_word' id='word_1_201' title='bbox 1099 3144 1344 3233; x_wconf 86' lang='lat' dir='ltr'>comparatione,</span> 
     </span>
     <span class='ocr_line' id='line_1_33' title="bbox 390 3228 1342 3318; baseline -0.004 -14"><span class='ocrx_word' id='word_1_202' title='bbox 390 3240 429 3314; x_wconf 78' lang='lat'>·,&#39;</span> <span class='ocrx_word' id='word_1_203' title='bbox 488 3232 550 3303; x_wconf 81' lang='lat' dir='ltr'>coi</span> <span class='ocrx_word' id='word_1_204' title='bbox 568 3233 668 3318; x_wconf 80' lang='lat' dir='ltr'>libet,</span> <span class='ocrx_word' id='word_1_205' title='bbox 688 3235 848 3303; x_wconf 79' lang='lat' dir='ltr'>assentiat.</span> <span class='ocrx_word' id='word_1_206' title='bbox 871 3237 1015 3318; x_wconf 79' lang='lat' dir='ltr'>Quorum</span> <span class='ocrx_word' id='word_1_207' title='bbox 1031 3232 1177 3302; x_wconf 87' lang='lat' dir='ltr'>omnium</span> <span class='ocrx_word' id='word_1_208' title='bbox 1193 3255 1251 3302; x_wconf 89' lang='lat' dir='ltr'>una</span> <span class='ocrx_word' id='word_1_209' title='bbox 1265 3228 1342 3300; x_wconf 83' lang='lat' dir='ltr'>ratio</span> 
     </span>
     <span class='ocr_line' id='line_1_34' title="bbox 495 3316 1342 3420; baseline -0.005 -32"><span class='ocrx_word' id='word_1_210' title='bbox 495 3318 558 3402; x_wconf 78' lang='lat' dir='ltr'>eil,</span> <span class='ocrx_word' id='word_1_211' title='bbox 580 3321 653 3420; x_wconf 79' lang='lat' dir='ltr'>quia</span> <span class='ocrx_word' id='word_1_212' title='bbox 675 3320 751 3390; x_wconf 89' lang='lat' dir='ltr'>licet</span> <span class='ocrx_word' id='word_1_213' title='bbox 775 3317 959 3388; x_wconf 77' lang='lat' dir='ltr'>Intelletlns</span> <span class='ocrx_word' id='word_1_214' title='bbox 975 3319 1082 3405; x_wconf 84' lang='lat' dir='ltr'>suapte</span> <span class='ocrx_word' id='word_1_215' title='bbox 1104 3341 1210 3389; x_wconf 88' lang='lat' dir='ltr'>natura</span> <span class='ocrx_word' id='word_1_216' title='bbox 1224 3316 1342 3402; x_wconf 90' lang='lat' dir='ltr'>abOpi·</span> 
     </span>
     <span class='ocr_line' id='line_1_35' title="bbox 383 3403 1341 3494; baseline -0.005 -16"><span class='ocrx_word' id='word_1_217' title='bbox 383 3465 411 3494; x_wconf 47' lang='grc'>.,</span> <span class='ocrx_word' id='word_1_218' title='bbox 485 3405 636 3490; x_wconf 76' lang='lat' dir='ltr'>¹nativis,</span> <span class='ocrx_word' id='word_1_219' title='bbox 658 3406 711 3476; x_wconf 90' lang='lat' dir='ltr'>vel</span> <span class='ocrx_word' id='word_1_220' title='bbox 729 3431 833 3493; x_wconf 83' lang='lat' dir='ltr'>aque,</span> <span class='ocrx_word' id='word_1_221' title='bbox 857 3403 907 3473; x_wconf 91' lang='lat' dir='ltr'>vcl</span> <span class='ocrx_word' id='word_1_222' title='bbox 926 3405 1043 3492; x_wconf 84' lang='lat' dir='ltr'>magis,</span> <span class='ocrx_word' id='word_1_223' title='bbox 1066 3405 1119 3476; x_wconf 89' lang='lat' dir='ltr'>vel</span> <span class='ocrx_word' id='word_1_224' title='bbox 1130 3406 1229 3474; x_wconf 87' lang='lat' dir='ltr'>minus</span> <span class='ocrx_word' id='word_1_225' title='bbox 1244 3403 1341 3474; x_wconf 87' lang='lat' dir='ltr'>neccs-</span> 
     </span>
     <span class='ocr_line' id='line_1_36' title="bbox 486 3490 1341 3596; baseline 0 -36"><span class='ocrx_word' id='word_1_226' title='bbox 486 3490 575 3561; x_wconf 82' lang='lat' dir='ltr'>.[ario</span> <span class='ocrx_word' id='word_1_227' title='bbox 600 3511 793 3596; x_wconf 75' lang='lat' dir='ltr'>moveatur,</span> <span class='ocrx_word' id='word_1_228' title='bbox 812 3495 853 3574; x_wconf 63' lang='lat' dir='ltr'>„ac</span> <span class='ocrx_word' id='word_1_229' title='bbox 878 3490 1136 3580; x_wconf 78' lang='lat' dir='ltr'>determinetur,</span> <span class='ocrx_word' id='word_1_230' title='bbox 1158 3491 1341 3566; x_wconf 83' lang='lat' dir='ltr'>absoluteta·</span> 
     </span>
     <span class='ocr_line' id='line_1_37' title="bbox 1211 3601 1301 3663; baseline -0.044 -9"><span class='ocrx_word' id='word_1_231' title='bbox 1211 3601 1301 3663; x_wconf 84' lang='lat' dir='ltr'>men,</span> 
     </span>
    </p>
   </div>
   <div class='ocr_carea' id='block_1_6' title="bbox 0 0 1603 4592">
    <p class='ocr_par' dir='ltr' id='par_1_6' title="bbox 0 0 1603 4592">
     <span class='ocr_line' id='line_1_38' title="bbox 0 0 1603 4592; baseline 0 0"><span class='ocrx_word' id='word_1_232' title='bbox 0 0 1603 4592; x_wconf 95' lang='lat' dir='ltr'> </span> 
     </span>
    </p>
   </div>
  </div>
 </body>
</html>
