3192 4592
611 515 675 598 336
763 507 1271 575 Pnonta'ttrsmus

567 663 656 724 ono,
680 656 735 706 aut
759 636 824 704 alio
846 661 885 705 ex
909 635 1013 704 modis
1034 635 1114 704 Can.
1141 635 1363 724 6.'assrgnatit
1389 659 1452 704 ra·

567 725 766 801 tionabisiter
783 724 942 812 intelligi,
966 725 999 792 δι
1016 721 1166 808 explicari
1186 723 1326 810 possunt.
1351 726 1454 792 stem

566 838 620 900 per
645 814 716 881 sch.
740 815 835 899 Supp.
861 835 889 898 3.
911 816 1001 880 Nam
1028 809 1096 877 fieri
1116 811 1236 896 potest,
1259 830 1293 878 ut
1323 813 1453 880 Proba-

565 900 708 971 bitismus
733 924 784 979 re,
809 901 842 968 ἃ
867 899 955 985 praxi
983 897 1203 981 admittatur,
1235 897 1311 966 licet
1338 900 1451 966 verbo

564 987 673 1074 negati
696 987 867 1056 videatur.
899 989 1004 1070 Quare
1034 1007 1073 1053 ex
1097 984 1189 1053 nullo
1215 985 1447 1072 Antiquorum
1512 1025 1513 1064 ,

567 1093 652 1141 certa
677 1073 766 1156 hujus
783 1072 958 1159 questionis
983 1072 1133 1140 resolutio
1151 1071 1306 1157 expresse,
1324 1073 1359 1140 de
1377 1071 1451 1140 esa-

567 1185 600 1229 re
622 1160 744 1228 desumi
761 1161 877 1246 potest.
902 1163 980 1247 Quae
999 1159 1151 1246 responsio
1166 1158 1322 1246 generalis
1337 1158 1448 1227 etiam

567 1248 605 1316 ad
635 1267 787 1332 quattuor
812 1248 964 1316 Dottores
1000 1246 1079 1312 inibi
1116 1245 1318 1332 peculiariter
1351 1270 1449 1315 com*

566 1353 762 1403 memoratos
775 1333 951 1402 'universim
969 1335 1166 1402 extendenda
1185 1334 1242 1400 ess.
1266 1333 1326 1401 Sed
1352 1333 1447 1419 quod

566 1423 606 1487 ad
631 1421 705 1488 Alb.
732 1424 844 1508 Magn.
872 1421 1060 1506 praesertim,
1083 1422 1268 1489 &Scotum
1293 1420 1446 1509 attinet,

590 1508 720 1575 uoniam
748 1508 891 1594 quaedam
917 1531 1028 1576 eorum
1055 1508 1126 1577 soca
1151 1508 1287 1575 distinata
1320 1529 1444 1593 propo·

566 1533 648 1673 stra,
672 1595 718 1660 ita
744 1594 887 1662 distinete
913 1594 1062 1663 solvenda
1088 1597 1179 1663 sunt.

613 1683 726 1767 Itaque
760 1683 843 1766 quod
869 1681 912 1750 esi
945 1683 984 1749 ad
1019 1702 1125 1751 textus
1159 1685 1276 1766 Scoti,
1307 1681 1443 1751 secundi

569 1767 699 1888 qupdem
716 1767 785 1834 vim
807 1768 891 1835 nihil
916 1768 1101 1839 reformidet
1122 1772 1232 1840 Led‘ror
1248 1819 1260 1853 ,
1276 1770 1350 1856 quia
1368 1793 1462 1838 νεῖ-ι

569 1855 610 1922 ha
635 1852 721 1921 tlsa:
755 1858 842 1938 Quia
872 1858 1046 1924 videlicet:
1071 1859 1164 1945 usque
1187 1859 1225 1924 ad
1249 1859 1372 1939 finem,
1403 1857 1440 1922 in

568 1941 682 2030 quibus
705 1940 808 2011 solum
836 1967 872 2011 ea
896 1946 1106 2029 continetur,
1136 1968 1154 2012 a
1177 1943 1441 2012 Probabisioristis

570 2053 628 2117 pro
645 2030 714 2111 sua,
738 2039 781 2096 ut'
801 2029 876 2098 alias
899 2031 1064 2119 diximus,
1087 2033 1301 2113 liberalitate,
1323 2030 1373 2100 vel
1398 2049 1438 2098 ut

572 2118 692 2184 minus.
714 2116 917 2206 indisigenria
948 2121 1054 2188 addita
1086 2123 1183 2190 sunt.
1216 2117 1326 2187 Tertii
1361 2141 1440 2186 vero

573 2204 668 2272 verba
687 2207 805 2293 partim
826 2206 1002 2290 mutilata,
1026 2207 1142 2294 partim
1166 2205 1439 2292 mutata,partim

574 2291 691 2373 aujeua
714 2292 830 2382 pariter
860 2294 959 2362 sunt.
991 2299 1078 2364 Nam
1101 2293 1189 2363 locus
1215 2294 1267 2364 hie
1294 2291 1438 2380 integer,

571 2401 608 2448 ac
634 2379 789 2464 genuinus
812 2380 987 2461 hujusmodi
1007 2383 1066 2450 est.

611 2467 675 2532 sed
696 2467 744 2534 hic
762 2466 805 2550 'est
828 2469 952 2536 dubium
974 2473 1068 2556 primo
1092 2471 1129 2536 de
1150 2470 1266 2538 Amida
1282 2469 1349 2538 (9¹⁶.

613 2554 674 2618 Hic
687 2555 824 2622 breviter
838 2554 932 2640 potest
952 2559 1031 2639 dici,
1053 2558 1132 2644 quod
1152 2583 1219 2626 crim
1241 2578 1350 2625 certum
1368 2555 1443 2640 sit,

564 2639 698 2725 farinam
713 2643 812 2708 tritici
827 2661 986 2730 purgatam
997 2647 1159 2726 sitandam
1175 2651 1354 2712 communem
1391 2671 1442 2712 rr-

567 2727 744 2815 garionem,
772 2753 804 2794 co
835 2731 918 2794 modo
942 2731 1083 2816 scilicet,
1105 2759 1161 2822 quo
1192 2730 1319 2815 Pistoris
1342 2664 1441 2815 dilen

570 2829 795 2901 compurgare,
818 2813 873 2902 effe
896 2821 1051 2884 materiam
1073 2824 1293 2888 convenientem
1317 2821 1360 2886 ad
1385 2821 1440 2904 sa·

569 2901 706 2968 riendam
721 2920 837 2989 panem
860 2906 1095 2988 consecrabilcm:
1118 2911 1132 2988 (
1151 2910 1220 2988 lam
1246 2931 1330 2974 nunc
1356 2905 1439 2974 inci-

572 2988 620 3076 pit
644 2990 755 3056 Ledtor
777 2989 978 3078 intelligere,
1000 2995 1120 3080 quade
1144 3019 1176 3064 re
1200 2993 1345 3082 loquatur
1361 2995 1438 3061 Sco»

572 3096 644 3159 tus,
668 3079 701 3143 ἃ
724 3101 803 3144 num
830 3078 882 3146 hie
911 3079 1016 3163 locus,
1040 3082 1160 3149 etiamsi
1178 3081 1253 3152 esset
1271 3103 1439 3169 germanus

572 3164 608 3230 a'c
625 3187 738 3245 vetus,
759 3167 798 3230 ad
814 3189 882 3232 rem
901 3166 1001 3236 facere
1020 3169 1150 3254 possit):
1169 3167 1218 3235 ’δ’
1234 3168 1357 3236 dubium
1382 3165 1438 3250 stt,

570 3276 611 3316 aa
627 3252 779 3317 Amidam
788 3251 1018 3338 ſst‘bujusmodi
1033 3257 1158 3322 materia
1165 3281 1181 3336 ,·
1197 3255 1240 3324 (Y
1257 3274 1329 3343 part
1349 3279 1437 3342 nega-

570 3340 640 3404 tiva
655 3341 783 3408 maltum
802 3338 846 3422 fit
866 3343 1058 3428 probabilior,
1081 3367 1138 3409 non
1176 3367 1224 3410 ine
1243 3360 1359 3431 peccato
1381 3343 1438 3408 asi-

570 3425 692 3512 quisse·
714 3430 835 3514 exponit
859 3431 916 3495 tali
937 3431 1044 3496 dubio:
1069 3431 1199 3496 maxime
1224 3431 1293 3513 itte,
1319 3428 1373 3516 qui
1388 3455 1437 3496 er·

565 3513 654 3601 ponit
668 3509 775 3596 hostias
789 3514 1015 3595 consecrandas,
1038 3517 1109 3601 quia
1118 3514 1181 3597 fibi
1199 3515 1376 3606 fimpliciter
1399 3511 1438 3596 cst

569 3619 698 3685 artum,
720 3603 800 3688 quod
819 3603 855 3668 de
872 3603 932 3669 tali
955 3604 1078 3669 materia
1088 3621 1252 3693 preparat.
1277 3606 1369 3674 [aas
1381 3603 1442 3689 sor·

1303 3709 1399 3778 tepo-
