3192 4592
273 501 600 571 Gomorram«
619 517 887 570 enarratum.
932 503 1001 592 365·

166 635 206 702 de
226 632 350 720 dignos,
372 627 426 714 isle
443 630 653 717 exponendose
669 631 719 698 illi
729 633 879 719 periculo,
902 657 959 701 non
972 653 1040 724 pet·

168 739 217 786 eat
239 719 423 796 mortaliter,
445 720 520 805 quia
540 743 598 785 nou
618 737 737 808 reputat
759 721 837 788 illud
855 721 1040 810 periculum,

170 807 214 875 (9³
229 805 261 888 fi
274 803 319 889 fit
341 807 373 872 in
394 806 437 872 rei
457 806 602 873 veritate.
835 879 838 886 ,

212 891 349 978 Quodfi
370 917 427 960 non
443 889 492 993 fit
509 893 544 994 in
564 893 612 996 rei
628 895 777 979 veritate,
807 896 875 964 licet
896 919 955 962 uon
972 913 1044 984 per·

169 979 526 1154 {litut-ult
544 986 950 1157 nutriretur:
968 1007 1044 1137 tu

169 1158 313 1221 oecultum
328 1151 373 1235 fit
395 1154 442 1236 ei,
463 1154 543 1241 quod
562 1156 641 1223 illud
695 1155 812 1237 olibet,
842 1156 917 1242 quia
938 1156 1013 1242 huju
1027 1194 1043 1207 ·

171 1242 255 1307 modi
276 1241 448 1329 ignorantia
469 1265 527 1308 nan
548 1240 588 1328 est
603 1175 700 1328 salii,
716 1242 774 1325 sed
785 1241 893 1326 luris,
915 1267 978 1330 qua
994 1269 1045 1310 ne·

172 1329 285 1394 minem
306 1329 449 1414 excusat.
483 1327 555 1412 Nost
570 1329 650 1414 forte
670 1331 912 1418 distinguendum
928 1329 973 1414 fit
994 1331 1043 1399 iu·

171 1435 289 1500 terea,
340 1442 382 1485 ue
400 1416 552 1506 pertinent
580 1418 631 1486 ad·
639 1420 790 1509 principia
813 1419 902 1508 Legis
924 1437 1045 1486 natura·

172 1504 231 1583 lis,
254 1523 290 1572 ut
305 1443 380 1590 lene
402 1505 476 1588 illa,
507 1529 571 1594 qua
586 1507 660 1591 sunt
682 1506 812 1599 expressa
842 1508 876 1574 in
893 1507 1045 1597 praeceptis

172 1592 344 1688 Decologi,
373 1617 437 1676 qua
466 1596 613 1659 neminem
635 1598 789 1666 habentem
819 1597 944 1666 liberum
965 1595 1047 1663 arbi-

175 1678 268 1774 trium
292 1700 422 1774 rgnprare
443 1676 535 1756 lieet;
565 1681 711 1775 Qinter
730 1711 782 1768 ea,
812 1707 876 1784 qtut
886 1685 966 1785 sunt
982 1680 1048 1786 post

173 1763 232 1828 ella
248 1779 418 1846 princepsa,
450 1757 494 1823 (9¹
514 1785 552 1824 ex
573 1764 637 1828 rlles
657 1769 749 1832 duilon
780 1789 907 1839 rationes
928 1773 1047 1840 elietert·

174 1849 235 1930 aa,
265 1869 328 1932 qun
344 1845 423 1930 forte
444 1843 512 1911 licet
534 1845 652 1932 aliquos
680 1848 874 1936 fimpliciores
897 1857 1047 1940 inarare,

177 1933 220 2002 (J
243 1933 374 2000 maxime
396 1932 536 2002 babentes
557 1932 756 2004 inorantiam
778 1880 987 2004 invincibilem
1010 1967 1047 2008 ex

87 2010 88 2103 J
173 2021 329 2090 debilitate
350 2020 464 2108 ingenii
485 2022 527 2086 ad
548 1958 611 2087 itia
624 2048 655 2089 co
675 2024 839 2107 noscenda.

87 2144 88 2175 r
220 2110 280 2175 Per
302 2108 358 2174 bac
374 2126 461 2196 patet
479 2105 613 2197 primum
635 2049 797 2196 oijellum.

87 2194 89 2211 l
221 2196 278 2262 Ad
292 2195 482 2280 secundum.
513 2199 605 2281 Quod
626 2218 696 2266 tune
717 2200 809 2268 multi
831 2196 921 2288 effert
943 2200 976 2270 in
995 2218 1048 2290 ρο·

87 2300 88 2309 ’
175 2286 264 2353 riculo
286 2286 419 2351 mortalis
437 2287 569 2374 peceati,
591 2286 748 2355 dicendam
768 2289 900 2375 „Quod
922 2315 959 2356 ex
979 2289 1048 2376 casu

170 2367 328 2463 propofita·
349 2371 516 2459 questionis
547 2398 604 2439 non
628 2375 704 2459 sunt
732 2377 831 2464 aliqui
860 2378 894 2444 in
920 2379 1047 2468 periculo

176 2461 313 2527 mortalis
327 2464 462 2546 peccati,
491 2457 551 2542 nifi
565 2461 665 2547 solum
686 2464 753 2548 illi,
783 2464 838 2552 qui
859 2483 960 2530 contra
980 2489 1047 2530 eou-

173 2549 333 2633 seientiam
363 2547 410 2614 illi
436 2548 564 2636 periculo
585 2551 623 2634 se
652 2569 823 2640 exponunt,
857 2550 900 2621 Θ
924 2548 1051 2638 fisorte

172 2634 238 2719 fint
259 2633 381 2716 multi,
397 2638 453 2722 qui
469 2654 594 2726 peceant
614 2640 793 2725 rationarii
810 2638 918 2725 falle,
948 2658 1050 2729 utpote
1163 2695 1164 2704 ,

174 2741 311 2811 potentes
330 2744 368 2787 ex
390 2722 425 2807 se
447 2722 519 2812 ipſse
539 2725 616 2790 circa
648 2727 699 2794 boe
720 2730 881 2797 veritatem
902 2727 1053 2814 dijudica

179 2833 230 2891 re,
260 2835 318 2876 non
340 2811 414 2896 quia
433 2810 503 2895 ille,
534 2814 590 2899 qui
611 2812 784 2899 hujusmodi
801 2819 928 2905 periculo
943 2817 980 2900 se
1001 2838 1052 2883 ex-

177 2900 283 2985 ponit,
299 2899 415 2984 semper
437 2899 495 2967 duo
516 2923 553 2965 ere
574 2900 625 2968 boe
642 2921 763 2989 peccata
783 2903 927 2982 incurrit,
957 2923 1052 2968 unum

181 3011 218 3050 ex
240 2985 423 3069 temeritate,
455 2986 539 3054 alind
561 3013 597 3053 ex
614 2987 729 3072 fiotum
751 2988 812 3071 sed
832 2990 907 3074 quin
928 2981 983 3067 etfi
1000 2985 1054 3069 fa-

180 3071 264 3136 llam
286 3097 344 3138 non
364 3070 435 3158 effet
457 3077 577 3140 mortale
598 3075 633 3138 in
654 3075 802 3152 veritate,
845 3087 940 3158 ropter
961 3089 1054 3140 teme·

182 3158 307 3224 ritatem
327 3177 429 3226 tamen
450 3160 484 3225 in
503 3159 614 3247 agendo
634 3177 735 3224 eontra
756 3091 1054 3248 eonssientiamfflua

183 3244 262 3313 illud
282 3247 590 3330 reputatursmonale,
611 3240 681 3331 effer
697 3245 838 3312 mortale.
