<?xml version="1.0" encoding="UTF-8"?>
<!DOCTYPE html PUBLIC "-//W3C//DTD XHTML 1.0 Transitional//EN"
    "http://www.w3.org/TR/xhtml1/DTD/xhtml1-transitional.dtd">
<html xmlns="http://www.w3.org/1999/xhtml" xml:lang="en" lang="en">
 <head>
  <title>
</title>
<meta http-equiv="Content-Type" content="text/html;charset=utf-8" />
  <meta name='ocr-system' content='tesseract 3.04.00' />
  <meta name='ocr-capabilities' content='ocr_page ocr_carea ocr_par ocr_line ocrx_word'/>
</head>
<body>
  <div class='ocr_page' id='page_1' title='image "./probabilismusme00fortgoog_0160.png"; bbox 0 0 3192 4592; ppageno 0'>
   <div class='ocr_carea' id='block_1_1' title="bbox 331 408 1020 560">
    <p class='ocr_par' dir='ltr' id='par_1_1' title="bbox 331 408 1020 560">
     <span class='ocr_line' id='line_1_1' title="bbox 331 408 1020 560; baseline 0.007 -24"><span class='ocrx_word' id='word_1_1' title='bbox 331 467 457 537; x_wconf 76' lang='lat' dir='ltr'>Mara.</span> <span class='ocrx_word' id='word_1_2' title='bbox 466 408 595 532; x_wconf 79' lang='lat' dir='ltr'>Marri.</span> <span class='ocrx_word' id='word_1_3' title='bbox 604 463 799 536; x_wconf 79' lang='lat' dir='ltr'>Dauonsr.</span> <span class='ocrx_word' id='word_1_4' title='bbox 818 467 851 535; x_wconf 89' lang='lat' dir='ltr'>P.</span> <span class='ocrx_word' id='word_1_5' title='bbox 863 467 891 536; x_wconf 90' lang='lat'>1.</span> <span class='ocrx_word' id='word_1_6' title='bbox 961 493 1020 560; x_wconf 84' lang='lat'>149</span> 
     </span>
    </p>
   </div>
   <div class='ocr_carea' id='block_1_2' title="bbox 73 592 1211 3735">
    <p class='ocr_par' dir='ltr' id='par_1_2' title="bbox 179 592 1089 2058">
     <span class='ocr_line' id='line_1_2' title="bbox 199 592 1062 686; baseline -0.013 -18"><span class='ocrx_word' id='word_1_7' title='bbox 199 615 353 686; x_wconf 85' lang='lat' dir='ltr'>ponatur,</span> <span class='ocrx_word' id='word_1_8' title='bbox 377 619 442 664; x_wconf 92' lang='lat' dir='ltr'>non</span> <span class='ocrx_word' id='word_1_9' title='bbox 467 619 544 665; x_wconf 89' lang='lat' dir='ltr'>vero</span> <span class='ocrx_word' id='word_1_10' title='bbox 562 592 802 682; x_wconf 70' lang='lat' dir='ltr'>probabiliores,</span> <span class='ocrx_word' id='word_1_11' title='bbox 826 596 988 686; x_wconf 82' lang='lat' dir='ltr'>speciatim</span> <span class='ocrx_word' id='word_1_12' title='bbox 1006 625 1062 672; x_wconf 86' lang='lat' dir='ltr'>au.</span> 
     </span>
     <span class='ocr_line' id='line_1_3' title="bbox 195 680 1061 770; baseline 0.006 -18"><span class='ocrx_word' id='word_1_13' title='bbox 195 704 264 754; x_wconf 89' lang='lat' dir='ltr'>tem</span> <span class='ocrx_word' id='word_1_14' title='bbox 292 705 365 756; x_wconf 92' lang='lat' dir='ltr'>tum</span> <span class='ocrx_word' id='word_1_15' title='bbox 389 681 509 766; x_wconf 90' lang='lat' dir='ltr'>solum,</span> <span class='ocrx_word' id='word_1_16' title='bbox 531 705 605 751; x_wconf 92' lang='lat' dir='ltr'>cum</span> <span class='ocrx_word' id='word_1_17' title='bbox 635 680 690 751; x_wconf 88' lang='lat' dir='ltr'>vel</span> <span class='ocrx_word' id='word_1_18' title='bbox 715 681 899 770; x_wconf 82' lang='lat' dir='ltr'>Praecepto,</span> <span class='ocrx_word' id='word_1_19' title='bbox 922 689 1061 758; x_wconf 89' lang='lat' dir='ltr'>Contra-</span> 
     </span>
     <span class='ocr_line' id='line_1_4' title="bbox 194 769 1060 857; baseline 0.002 -15"><span class='ocrx_word' id='word_1_20' title='bbox 194 773 269 857; x_wconf 75' lang='lat' dir='ltr'>tta,</span> <span class='ocrx_word' id='word_1_21' title='bbox 291 769 538 852; x_wconf 78' lang='lat' dir='ltr'>conventione,</span> <span class='ocrx_word' id='word_1_22' title='bbox 562 771 671 852; x_wconf 86' lang='lat' dir='ltr'>Voto,</span> <span class='ocrx_word' id='word_1_23' title='bbox 692 769 976 857; x_wconf 84' lang='lat' dir='ltr'>Juramento,·aut</span> <span class='ocrx_word' id='word_1_24' title='bbox 994 777 1060 844; x_wconf 88' lang='lat' dir='ltr'>alio</span> 
     </span>
     <span class='ocr_line' id='line_1_5' title="bbox 194 851 1061 945; baseline 0.007 -18"><span class='ocrx_word' id='word_1_25' title='bbox 194 859 329 928; x_wconf 90' lang='lat' dir='ltr'>vinculo</span> <span class='ocrx_word' id='word_1_26' title='bbox 363 858 598 945; x_wconf 86' lang='lat' dir='ltr'>astringuntur,</span> <span class='ocrx_word' id='word_1_27' title='bbox 629 851 682 924; x_wconf 87' lang='lat' dir='ltr'>vel</span> <span class='ocrx_word' id='word_1_28' title='bbox 715 880 789 924; x_wconf 91' lang='lat' dir='ltr'>cum</span> <span class='ocrx_word' id='word_1_29' title='bbox 821 859 1061 933; x_wconf 84' lang='lat' dir='ltr'>communicare</span> 
     </span>
     <span class='ocr_line' id='line_1_6' title="bbox 193 943 1058 1034; baseline 0.002 -20"><span class='ocrx_word' id='word_1_30' title='bbox 193 944 330 1030; x_wconf 80' lang='lat' dir='ltr'>volunt,</span> <span class='ocrx_word' id='word_1_31' title='bbox 351 943 434 1034; x_wconf 91' lang='lat' dir='ltr'>quod</span> <span class='ocrx_word' id='word_1_32' title='bbox 459 969 477 1011; x_wconf 88' lang='lat' dir='ltr'>a</span> <span class='ocrx_word' id='word_1_33' title='bbox 499 943 541 1012; x_wconf 90' lang='lat' dir='ltr'>ud</span> <span class='ocrx_word' id='word_1_34' title='bbox 568 943 598 1012; x_wconf 88' lang='lat' dir='ltr'>se</span> <span class='ocrx_word' id='word_1_35' title='bbox 621 943 831 1013; x_wconf 83' lang='lat' dir='ltr'>determinate</span> <span class='ocrx_word' id='word_1_36' title='bbox 855 945 1058 1018; x_wconf 87' lang='lat' dir='ltr'>defendunt.</span> 
     </span>
     <span class='ocr_line' id='line_1_7' title="bbox 196 968 1058 1120; baseline 0.007 -20"><span class='ocrx_word' id='word_1_37' title='bbox 196 1034 289 1102; x_wconf 87' lang='lat' dir='ltr'>Nam</span> <span class='ocrx_word' id='word_1_38' title='bbox 317 1057 398 1103; x_wconf 84' lang='lat' dir='ltr'>cum</span> <span class='ocrx_word' id='word_1_39' title='bbox 430 968 566 1100; x_wconf 76' lang='lat' dir='ltr'>delinire</span> <span class='ocrx_word' id='word_1_40' title='bbox 598 1048 729 1098; x_wconf 83' lang='lat' dir='ltr'>teneant</span> <span class='ocrx_word' id='word_1_41' title='bbox 755 1031 990 1120; x_wconf 81' lang='lat' dir='ltr'>probabiliora,</span> <span class='ocrx_word' id='word_1_42' title='bbox 1021 1059 1058 1106; x_wconf 83' lang='lat' dir='ltr'>ea</span> 
     </span>
     <span class='ocr_line' id='line_1_8' title="bbox 189 1117 1057 1209; baseline 0.007 -23"><span class='ocrx_word' id='word_1_43' title='bbox 189 1117 254 1206; x_wconf 89' lang='lat' dir='ltr'>ipsa</span> <span class='ocrx_word' id='word_1_44' title='bbox 278 1121 378 1193; x_wconf 87' lang='lat' dir='ltr'>etiam</span> <span class='ocrx_word' id='word_1_45' title='bbox 403 1118 473 1186; x_wconf 80' lang='lat' dir='ltr'>aliis</span> <span class='ocrx_word' id='word_1_46' title='bbox 490 1118 601 1187; x_wconf 88' lang='lat' dir='ltr'>debere</span> <span class='ocrx_word' id='word_1_47' title='bbox 626 1117 766 1201; x_wconf 86' lang='lat' dir='ltr'>tradere,</span> <span class='ocrx_word' id='word_1_48' title='bbox 789 1141 831 1186; x_wconf 89' lang='lat' dir='ltr'>ne</span> <span class='ocrx_word' id='word_1_49' title='bbox 847 1141 955 1190; x_wconf 88' lang='lat' dir='ltr'>eorum</span> <span class='ocrx_word' id='word_1_50' title='bbox 975 1145 1057 1209; x_wconf 87' lang='lat' dir='ltr'>opus</span> 
     </span>
     <span class='ocr_line' id='line_1_9' title="bbox 187 1203 1053 1296; baseline 0.003 -22"><span class='ocrx_word' id='word_1_51' title='bbox 187 1207 292 1275; x_wconf 90' lang='lat' dir='ltr'>menti</span> <span class='ocrx_word' id='word_1_52' title='bbox 318 1209 541 1287; x_wconf 70' lang='lat' dir='ltr'>disseruntur,</span> <span class='ocrx_word' id='word_1_53' title='bbox 566 1204 698 1292; x_wconf 88' lang='lat' dir='ltr'>ideoque</span> <span class='ocrx_word' id='word_1_54' title='bbox 722 1203 761 1274; x_wconf 84' lang='lat' dir='ltr'>lrt</span> <span class='ocrx_word' id='word_1_55' title='bbox 786 1205 952 1290; x_wconf 84' lang='lat' dir='ltr'>mendax,</span> <span class='ocrx_word' id='word_1_56' title='bbox 983 1231 1053 1296; x_wconf 89' lang='lat' dir='ltr'>per-</span> 
     </span>
     <span class='ocr_line' id='line_1_10' title="bbox 189 1291 1089 1384; baseline 0 -26"><span class='ocrx_word' id='word_1_57' title='bbox 189 1291 334 1382; x_wconf 91' lang='lat' dir='ltr'>spicuum</span> <span class='ocrx_word' id='word_1_58' title='bbox 359 1295 422 1364; x_wconf 88' lang='lat' dir='ltr'>est.</span> <span class='ocrx_word' id='word_1_59' title='bbox 447 1294 542 1359; x_wconf 89' lang='lat' dir='ltr'>Unde</span> <span class='ocrx_word' id='word_1_60' title='bbox 559 1293 618 1376; x_wconf 90' lang='lat' dir='ltr'>sit,</span> <span class='ocrx_word' id='word_1_61' title='bbox 640 1312 676 1361; x_wconf 87' lang='lat' dir='ltr'>ut</span> <span class='ocrx_word' id='word_1_62' title='bbox 690 1293 867 1376; x_wconf 42' lang='lat' dir='ltr'>‘Dodorem</span> <span class='ocrx_word' id='word_1_63' title='bbox 890 1295 1052 1384; x_wconf 71' lang='lat' dir='ltr'>Ledtores,</span> <span class='ocrx_word' id='word_1_64' title='bbox 1086 1353 1089 1358; x_wconf 87' lang='lat'><em>.</em></span> 
     </span>
     <span class='ocr_line' id='line_1_11' title="bbox 186 1379 1055 1470; baseline 0.005 -22"><span class='ocrx_word' id='word_1_65' title='bbox 186 1382 352 1470; x_wconf 85' lang='lat' dir='ltr'>Magistri,</span> <span class='ocrx_word' id='word_1_66' title='bbox 368 1379 572 1451; x_wconf 83' lang='lat' dir='ltr'>consultores</span> <span class='ocrx_word' id='word_1_67' title='bbox 588 1403 663 1447; x_wconf 93' lang='lat' dir='ltr'>cum</span> <span class='ocrx_word' id='word_1_68' title='bbox 679 1379 838 1466; x_wconf 87' lang='lat' dir='ltr'>propriam</span> <span class='ocrx_word' id='word_1_69' title='bbox 854 1400 997 1452; x_wconf 88' lang='lat' dir='ltr'>mentem</span> <span class='ocrx_word' id='word_1_70' title='bbox 1007 1383 1055 1452; x_wconf 82' lang='lat' dir='ltr'>su-</span> 
     </span>
     <span class='ocr_line' id='line_1_12' title="bbox 189 1465 1049 1558; baseline 0.001 -23"><span class='ocrx_word' id='word_1_71' title='bbox 189 1491 244 1554; x_wconf 91' lang='lat' dir='ltr'>per</span> <span class='ocrx_word' id='word_1_72' title='bbox 260 1493 293 1538; x_wconf 94' lang='lat' dir='ltr'>re</span> <span class='ocrx_word' id='word_1_73' title='bbox 309 1467 451 1558; x_wconf 82' lang='lat' dir='ltr'>qualibet</span> <span class='ocrx_word' id='word_1_74' title='bbox 466 1465 612 1555; x_wconf 87' lang='lat' dir='ltr'>aperiunt</span> <span class='ocrx_word' id='word_1_75' title='bbox 629 1515 639 1550; x_wconf 93' lang='lat'>,</span> <span class='ocrx_word' id='word_1_76' title='bbox 660 1466 875 1553; x_wconf 86' lang='lat' dir='ltr'>probabiliora</span> <span class='ocrx_word' id='word_1_77' title='bbox 898 1469 1020 1556; x_wconf 84' lang='lat' dir='ltr'>semper</span> <span class='ocrx_word' id='word_1_78' title='bbox 1037 1519 1049 1554; x_wconf 93' lang='lat'>,</span> 
     </span>
     <span class='ocr_line' id='line_1_13' title="bbox 182 1551 1053 1644; baseline 0 -18"><span class='ocrx_word' id='word_1_79' title='bbox 182 1551 288 1626; x_wconf 85' lang='lat' dir='ltr'>immo</span> <span class='ocrx_word' id='word_1_80' title='bbox 311 1559 346 1625; x_wconf 75' lang='grc' dir='ltr'>δι</span> <span class='ocrx_word' id='word_1_81' title='bbox 362 1555 518 1625; x_wconf 87' lang='lat' dir='ltr'>securiora</span> <span class='ocrx_word' id='word_1_82' title='bbox 534 1554 693 1642; x_wconf 82' lang='lat' dir='ltr'>saepissime</span> <span class='ocrx_word' id='word_1_83' title='bbox 708 1554 955 1644; x_wconf 73' lang='lat' dir='ltr'>ampleilantut.</span> <span class='ocrx_word' id='word_1_84' title='bbox 979 1558 1053 1626; x_wconf 82' lang='lat' dir='ltr'>Cae-</span> 
     </span>
     <span class='ocr_line' id='line_1_14' title="bbox 181 1641 1052 1726; baseline 0.005 -18"><span class='ocrx_word' id='word_1_85' title='bbox 181 1658 290 1710; x_wconf 87' lang='lat' dir='ltr'>terum</span> <span class='ocrx_word' id='word_1_86' title='bbox 314 1643 337 1709; x_wconf 86' lang='lat' dir='ltr'>sr</span> <span class='ocrx_word' id='word_1_87' title='bbox 362 1641 618 1714; x_wconf 78' lang='lat' dir='ltr'>Probabilioristae</span> <span class='ocrx_word' id='word_1_88' title='bbox 642 1641 771 1726; x_wconf 89' lang='lat' dir='ltr'>velint,</span> <span class='ocrx_word' id='word_1_89' title='bbox 794 1642 851 1710; x_wconf 90' lang='lat' dir='ltr'>hos</span> <span class='ocrx_word' id='word_1_90' title='bbox 880 1666 990 1711; x_wconf 88' lang='lat' dir='ltr'>omnes</span> <span class='ocrx_word' id='word_1_91' title='bbox 1016 1643 1052 1713; x_wconf 89' lang='lat' dir='ltr'>in</span> 
     </span>
     <span class='ocr_line' id='line_1_15' title="bbox 182 1726 1051 1815; baseline 0.009 -23"><span class='ocrx_word' id='word_1_92' title='bbox 182 1726 346 1812; x_wconf 91' lang='lat' dir='ltr'>docendo,</span> <span class='ocrx_word' id='word_1_93' title='bbox 368 1728 602 1815; x_wconf 90' lang='lat' dir='ltr'>respondendo,</span> <span class='ocrx_word' id='word_1_94' title='bbox 625 1729 816 1800; x_wconf 87' lang='lat' dir='ltr'>consulendo</span> <span class='ocrx_word' id='word_1_95' title='bbox 841 1731 942 1798; x_wconf 88' lang='lat' dir='ltr'>teneri</span> <span class='ocrx_word' id='word_1_96' title='bbox 970 1731 1051 1800; x_wconf 75' lang='lat' dir='ltr'>sern-</span> 
     </span>
     <span class='ocr_line' id='line_1_16' title="bbox 179 1813 1049 1903; baseline 0.006 -23"><span class='ocrx_word' id='word_1_97' title='bbox 179 1836 237 1900; x_wconf 89' lang='lat' dir='ltr'>per</span> <span class='ocrx_word' id='word_1_98' title='bbox 263 1813 319 1880; x_wconf 91' lang='lat' dir='ltr'>snb</span> <span class='ocrx_word' id='word_1_99' title='bbox 340 1815 432 1902; x_wconf 89' lang='lat' dir='ltr'>culpa</span> <span class='ocrx_word' id='word_1_100' title='bbox 463 1817 578 1902; x_wconf 83' lang='lat' dir='ltr'>quovis</span> <span class='ocrx_word' id='word_1_101' title='bbox 608 1817 708 1887; x_wconf 89' lang='lat' dir='ltr'>titulo</span> <span class='ocrx_word' id='word_1_102' title='bbox 740 1817 780 1883; x_wconf 88' lang='lat' dir='ltr'>ad</span> <span class='ocrx_word' id='word_1_103' title='bbox 810 1816 1049 1903; x_wconf 88' lang='lat' dir='ltr'>probabiliora,</span> 
     </span>
     <span class='ocr_line' id='line_1_17' title="bbox 180 1897 1048 1987; baseline 0.008 -20"><span class='ocrx_word' id='word_1_104' title='bbox 180 1897 238 1967; x_wconf 85' lang='lat' dir='ltr'>vel</span> <span class='ocrx_word' id='word_1_105' title='bbox 254 1899 391 1983; x_wconf 89' lang='lat' dir='ltr'>tutiora,</span> <span class='ocrx_word' id='word_1_106' title='bbox 414 1900 515 1970; x_wconf 88' lang='lat' dir='ltr'>etiarn</span> <span class='ocrx_word' id='word_1_107' title='bbox 531 1901 611 1968; x_wconf 88' lang='lat' dir='ltr'>istud</span> <span class='ocrx_word' id='word_1_108' title='bbox 627 1901 762 1971; x_wconf 84' lang='lat' dir='ltr'>libenter</span> <span class='ocrx_word' id='word_1_109' title='bbox 785 1901 949 1987; x_wconf 83' lang='lat' dir='ltr'>dabimus,</span> <span class='ocrx_word' id='word_1_110' title='bbox 972 1927 1048 1974; x_wconf 87' lang='lat' dir='ltr'>nam</span> 
     </span>
     <span class='ocr_line' id='line_1_18' title="bbox 180 1982 758 2058; baseline 0 -6"><span class='ocrx_word' id='word_1_111' title='bbox 180 1982 273 2054; x_wconf 91' lang='lat' dir='ltr'>nullo</span> <span class='ocrx_word' id='word_1_112' title='bbox 293 1987 390 2055; x_wconf 90' lang='lat' dir='ltr'>modo</span> <span class='ocrx_word' id='word_1_113' title='bbox 412 1985 503 2054; x_wconf 89' lang='lat' dir='ltr'>nobis</span> <span class='ocrx_word' id='word_1_114' title='bbox 527 1987 672 2058; x_wconf 87' lang='lat' dir='ltr'>infestum</span> <span class='ocrx_word' id='word_1_115' title='bbox 698 1989 758 2058; x_wconf 86' lang='lat' dir='ltr'>est.</span> 
     </span>
    </p>

    <p class='ocr_par' dir='ltr' id='par_1_3' title="bbox 180 2071 1065 2346">
     <span class='ocr_line' id='line_1_19' title="bbox 223 2071 1044 2161; baseline 0.005 -21"><span class='ocrx_word' id='word_1_116' title='bbox 223 2075 348 2141; x_wconf 75' lang='lat' dir='ltr'>Com.</span> <span class='ocrx_word' id='word_1_117' title='bbox 367 2073 456 2143; x_wconf 87' lang='lat' dir='ltr'>Hinc</span> <span class='ocrx_word' id='word_1_118' title='bbox 480 2097 520 2143; x_wconf 84' lang='lat' dir='ltr'>er</span> <span class='ocrx_word' id='word_1_119' title='bbox 545 2075 664 2143; x_wconf 87' lang='lat' dir='ltr'>duabus</span> <span class='ocrx_word' id='word_1_120' title='bbox 679 2071 884 2161; x_wconf 89' lang='lat' dir='ltr'>opinionibus</span> <span class='ocrx_word' id='word_1_121' title='bbox 902 2073 1044 2160; x_wconf 83' lang='lat' dir='ltr'>probabi-</span> 
     </span>
     <span class='ocr_line' id='line_1_20' title="bbox 180 2157 1040 2250; baseline 0.003 -23"><span class='ocrx_word' id='word_1_122' title='bbox 180 2157 263 2227; x_wconf 90' lang='lat' dir='ltr'>libus</span> <span class='ocrx_word' id='word_1_123' title='bbox 295 2160 546 2230; x_wconf 65' lang='lat' dir='ltr'>contraditionis</span> <span class='ocrx_word' id='word_1_124' title='bbox 585 2162 734 2250; x_wconf 76' lang='lat' dir='ltr'>qualibet</span> <span class='ocrx_word' id='word_1_125' title='bbox 766 2162 808 2228; x_wconf 86' lang='lat' dir='ltr'>est</span> <span class='ocrx_word' id='word_1_126' title='bbox 847 2161 1040 2246; x_wconf 89' lang='lat' dir='ltr'>probabilior</span> 
     </span>
     <span class='ocr_line' id='line_1_21' title="bbox 180 2245 1065 2346; baseline 0.006 -34"><span class='ocrx_word' id='word_1_127' title='bbox 180 2245 262 2333; x_wconf 89' lang='lat' dir='ltr'>apud</span> <span class='ocrx_word' id='word_1_128' title='bbox 286 2271 359 2330; x_wconf 89' lang='lat' dir='ltr'>eos,</span> <span class='ocrx_word' id='word_1_129' title='bbox 381 2247 436 2346; x_wconf 88' lang='lat' dir='ltr'>qui</span> <span class='ocrx_word' id='word_1_130' title='bbox 462 2246 552 2316; x_wconf 90' lang='lat' dir='ltr'>illam</span> <span class='ocrx_word' id='word_1_131' title='bbox 578 2249 771 2319; x_wconf 90' lang='lat' dir='ltr'>defendunt.</span> <span class='ocrx_word' id='word_1_132' title='bbox 1063 2263 1065 2267; x_wconf 82' lang='grc'><strong>“</strong></span> 
     </span>
    </p>

    <p class='ocr_par' dir='ltr' id='par_1_4' title="bbox 159 2333 1211 2949">
     <span class='ocr_line' id='line_1_22' title="bbox 221 2333 1046 2436; baseline 0.01 -36"><span class='ocrx_word' id='word_1_133' title='bbox 221 2356 251 2400; x_wconf 88' lang='lat'>2.</span> <span class='ocrx_word' id='word_1_134' title='bbox 275 2333 364 2403; x_wconf 88' lang='lat' dir='ltr'>Hinc</span> <span class='ocrx_word' id='word_1_135' title='bbox 388 2358 423 2402; x_wconf 89' lang='lat' dir='ltr'>tn</span> <span class='ocrx_word' id='word_1_136' title='bbox 446 2334 620 2422; x_wconf 91' lang='lat' dir='ltr'>opinativis</span> <span class='ocrx_word' id='word_1_137' title='bbox 645 2333 852 2436; x_wconf 81' lang='lat' dir='ltr'>unusquisque</span> <span class='ocrx_word' id='word_1_138' title='bbox 877 2335 1046 2424; x_wconf 84' lang='lat' dir='ltr'>impugnat</span> 
     </span>
     <span class='ocr_line' id='line_1_23' title="bbox 178 2421 1044 2514; baseline 0.007 -26"><span class='ocrx_word' id='word_1_139' title='bbox 178 2421 344 2489; x_wconf 78' lang='lat' dir='ltr'>contraria</span> <span class='ocrx_word' id='word_1_140' title='bbox 359 2421 525 2491; x_wconf 75' lang='lat' dir='ltr'>sententiaa</span> <span class='ocrx_word' id='word_1_141' title='bbox 539 2423 868 2514; x_wconf 86' lang='lat' dir='ltr'>probabiliontatem,</span> <span class='ocrx_word' id='word_1_142' title='bbox 890 2447 955 2490; x_wconf 92' lang='lat' dir='ltr'>non</span> <span class='ocrx_word' id='word_1_143' title='bbox 965 2448 1044 2494; x_wconf 88' lang='lat' dir='ltr'>vero</span> 
     </span>
     <span class='ocr_line' id='line_1_24' title="bbox 184 2507 1041 2612; baseline 0.007 -38"><span class='ocrx_word' id='word_1_144' title='bbox 184 2507 443 2594; x_wconf 85' lang='lat' dir='ltr'>probabilitatem</span> <span class='ocrx_word' id='word_1_145' title='bbox 460 2557 470 2593; x_wconf 91' lang='lat'>,</span> <span class='ocrx_word' id='word_1_146' title='bbox 488 2509 562 2597; x_wconf 89' lang='lat' dir='ltr'>quia</span> <span class='ocrx_word' id='word_1_147' title='bbox 578 2535 675 2580; x_wconf 91' lang='lat' dir='ltr'>nemo</span> <span class='ocrx_word' id='word_1_148' title='bbox 690 2512 873 2612; x_wconf 84' lang='lat' dir='ltr'>impugnare</span> <span class='ocrx_word' id='word_1_149' title='bbox 890 2511 989 2596; x_wconf 88' lang='lat' dir='ltr'>potest</span> <span class='ocrx_word' id='word_1_150' title='bbox 1006 2511 1041 2580; x_wconf 90' lang='lat' dir='ltr'>in</span> 
     </span>
     <span class='ocr_line' id='line_1_25' title="bbox 177 2593 1211 2685; baseline 0.002 -24"><span class='ocrx_word' id='word_1_151' title='bbox 177 2593 377 2680; x_wconf 87' lang='lat' dir='ltr'>Adversario,</span> <span class='ocrx_word' id='word_1_152' title='bbox 386 2594 443 2685; x_wconf 88' lang='lat' dir='ltr'>nisi</span> <span class='ocrx_word' id='word_1_153' title='bbox 459 2597 909 2684; x_wconf 76' lang='lat' dir='ltr'>quodipsedesendrtla).Ex</span> <span class='ocrx_word' id='word_1_154' title='bbox 918 2622 980 2685; x_wconf 91' lang='lat' dir='ltr'>quo</span> <span class='ocrx_word' id='word_1_155' title='bbox 991 2599 1040 2684; x_wconf 88' lang='lat' dir='ltr'>fit,</span> <span class='ocrx_word' id='word_1_156' title='bbox 1076 2595 1140 2677; x_wconf 82' lang='lat' dir='ltr'>(a)</span> <span class='ocrx_word' id='word_1_157' title='bbox 1156 2609 1211 2683; x_wconf 82' lang='lat' dir='ltr'>per</span> 
     </span>
     <span class='ocr_line' id='line_1_26' title="bbox 175 2679 1196 2771; baseline 0.001 -23"><span class='ocrx_word' id='word_1_158' title='bbox 175 2698 215 2749; x_wconf 87' lang='lat' dir='ltr'>ut</span> <span class='ocrx_word' id='word_1_159' title='bbox 224 2683 375 2764; x_wconf 64' lang='lat' dir='ltr'>Dottores,</span> <span class='ocrx_word' id='word_1_160' title='bbox 393 2679 427 2750; x_wconf 94' lang='lat' dir='ltr'>in</span> <span class='ocrx_word' id='word_1_161' title='bbox 437 2683 665 2771; x_wconf 72' lang='lat' dir='ltr'>impugnandis»</span> <span class='ocrx_word' id='word_1_162' title='bbox 677 2685 814 2755; x_wconf 89' lang='lat' dir='ltr'>aliorum</span> <span class='ocrx_word' id='word_1_163' title='bbox 825 2685 992 2754; x_wconf 86' lang='lat' dir='ltr'>sententiis</span> <span class='ocrx_word' id='word_1_164' title='bbox 1000 2686 1039 2756; x_wconf 93' lang='lat' dir='ltr'>de</span> <span class='ocrx_word' id='word_1_165' title='bbox 1074 2685 1154 2750; x_wconf 87' lang='lat' dir='ltr'>Can.</span> <span class='ocrx_word' id='word_1_166' title='bbox 1163 2703 1196 2766; x_wconf 89' lang='lat'>4.</span> 
     </span>
     <span class='ocr_line' id='line_1_27' title="bbox 159 2769 1038 2857; baseline 0.008 -22"><span class='ocrx_word' id='word_1_167' title='bbox 159 2769 262 2837; x_wconf 68' lang='lat' dir='ltr'>&#39;rebus</span> <span class='ocrx_word' id='word_1_168' title='bbox 279 2769 455 2857; x_wconf 89' lang='lat' dir='ltr'>opinativis</span> <span class='ocrx_word' id='word_1_169' title='bbox 465 2789 596 2841; x_wconf 90' lang='lat' dir='ltr'>utantur</span> <span class='ocrx_word' id='word_1_170' title='bbox 611 2772 661 2840; x_wconf 84' lang='lat' dir='ltr'>his</span> <span class='ocrx_word' id='word_1_171' title='bbox 671 2771 904 2844; x_wconf 86' lang='lat' dir='ltr'>locutionibus:</span> <span class='ocrx_word' id='word_1_172' title='bbox 922 2775 1038 2842; x_wconf 87' lang='lat' dir='ltr'>hocnan</span> 
     </span>
     <span class='ocr_line' id='line_1_28' title="bbox 169 2857 1033 2949; baseline 0.007 -27"><span class='ocrx_word' id='word_1_173' title='bbox 169 2857 308 2924; x_wconf 75' lang='lat' dir='ltr'>videtin:</span> <span class='ocrx_word' id='word_1_174' title='bbox 326 2882 384 2923; x_wconf 86' lang='lat' dir='ltr'>non</span> <span class='ocrx_word' id='word_1_175' title='bbox 400 2861 567 2926; x_wconf 82' lang='lat' dir='ltr'>convincit:</span> <span class='ocrx_word' id='word_1_176' title='bbox 585 2885 648 2929; x_wconf 88' lang='lat' dir='ltr'>-non</span> <span class='ocrx_word' id='word_1_177' title='bbox 663 2863 758 2949; x_wconf 84' lang='lat' dir='ltr'>cogit:</span> <span class='ocrx_word' id='word_1_178' title='bbox 768 2860 837 2944; x_wconf 83' lang='lat' dir='ltr'>fine</span> <span class='ocrx_word' id='word_1_179' title='bbox 841 2860 1033 2949; x_wconf 75' lang='lat' dir='ltr'>prejudicio:</span> 
     </span>
    </p>

    <p class='ocr_par' dir='ltr' id='par_1_5' title="bbox 73 2938 1036 3735">
     <span class='ocr_line' id='line_1_29' title="bbox 73 2938 1032 3032; baseline 0.007 -25"><span class='ocrx_word' id='word_1_180' title='bbox 73 2938 87 2971; x_wconf 68' lang='lat'><strong>⁹</strong></span> <span class='ocrx_word' id='word_1_181' title='bbox 169 2942 220 3008; x_wconf 86' lang='lat' dir='ltr'>boc</span> <span class='ocrx_word' id='word_1_182' title='bbox 242 2944 366 3028; x_wconf 83' lang='lat' dir='ltr'>melius,</span> <span class='ocrx_word' id='word_1_183' title='bbox 388 2947 507 3028; x_wconf 86' lang='lat' dir='ltr'>verius,</span> <span class='ocrx_word' id='word_1_184' title='bbox 528 2947 760 3032; x_wconf 73' lang='lat' dir='ltr'>rationabilius,</span> <span class='ocrx_word' id='word_1_185' title='bbox 781 2948 1032 3032; x_wconf 83' lang='lat' dir='ltr'>convenientius,</span> 
     </span>
     <span class='ocr_line' id='line_1_30' title="bbox 164 3028 1031 3118; baseline 0.01 -24"><span class='ocrx_word' id='word_1_186' title='bbox 164 3028 352 3116; x_wconf 79' lang='lat' dir='ltr'>probabilius</span> <span class='ocrx_word' id='word_1_187' title='bbox 372 3032 501 3099; x_wconf 65' lang='lat' dir='ltr'>dicito:</span> <span class='ocrx_word' id='word_1_188' title='bbox 524 3038 612 3118; x_wconf 67' lang='grc' dir='ltr'>θα,</span> <span class='ocrx_word' id='word_1_189' title='bbox 638 3053 672 3103; x_wconf 89' lang='lat' dir='ltr'>ut</span> <span class='ocrx_word' id='word_1_190' title='bbox 699 3032 881 3106; x_wconf 83' lang='lat' dir='ltr'>exercitaris</span> <span class='ocrx_word' id='word_1_191' title='bbox 913 3051 1031 3103; x_wconf 88' lang='lat' dir='ltr'>notum</span> 
     </span>
     <span class='ocr_line' id='line_1_31' title="bbox 170 3114 1036 3210; baseline 0.007 -28"><span class='ocrx_word' id='word_1_192' title='bbox 170 3114 230 3182; x_wconf 84' lang='lat' dir='ltr'>est.</span> <span class='ocrx_word' id='word_1_193' title='bbox 248 3117 372 3202; x_wconf 82' lang='lat' dir='ltr'>Quibus</span> <span class='ocrx_word' id='word_1_194' title='bbox 385 3118 489 3186; x_wconf 88' lang='lat' dir='ltr'>verbis</span> <span class='ocrx_word' id='word_1_195' title='bbox 507 3119 590 3188; x_wconf 90' lang='lat' dir='ltr'>nihil</span> <span class='ocrx_word' id='word_1_196' title='bbox 605 3120 691 3189; x_wconf 86' lang='lat' dir='ltr'>aliud</span> <span class='ocrx_word' id='word_1_197' title='bbox 707 3121 882 3210; x_wconf 78' lang='lat' dir='ltr'>significare</span> <span class='ocrx_word' id='word_1_198' title='bbox 900 3119 1036 3204; x_wconf 90' lang='lat' dir='ltr'>volunt,</span> 
     </span>
     <span class='ocr_line' id='line_1_32' title="bbox 168 3203 1036 3299; baseline 0.01 -32"><span class='ocrx_word' id='word_1_199' title='bbox 168 3223 266 3298; x_wconf 77' lang='lat' dir='ltr'>quam</span> <span class='ocrx_word' id='word_1_200' title='bbox 289 3203 319 3271; x_wconf 94' lang='lat' dir='ltr'>se</span> <span class='ocrx_word' id='word_1_201' title='bbox 334 3203 515 3293; x_wconf 82' lang='lat' dir='ltr'>oppositam</span> <span class='ocrx_word' id='word_1_202' title='bbox 541 3209 751 3293; x_wconf 86' lang='lat' dir='ltr'>sententiam,</span> <span class='ocrx_word' id='word_1_203' title='bbox 774 3210 898 3299; x_wconf 86' lang='lat' dir='ltr'>ejusque</span> <span class='ocrx_word' id='word_1_204' title='bbox 922 3207 1036 3294; x_wconf 88' lang='lat' dir='ltr'>proba·</span> 
     </span>
     <span class='ocr_line' id='line_1_33' title="bbox 170 3284 1035 3384; baseline 0.012 -32"><span class='ocrx_word' id='word_1_205' title='bbox 170 3284 331 3358; x_wconf 84' lang='lat' dir='ltr'>bilitatem</span> <span class='ocrx_word' id='word_1_206' title='bbox 353 3292 440 3360; x_wconf 89' lang='lat' dir='ltr'>nolle</span> <span class='ocrx_word' id='word_1_207' title='bbox 456 3291 654 3384; x_wconf 87' lang='lat' dir='ltr'>improbare,</span> <span class='ocrx_word' id='word_1_208' title='bbox 676 3295 825 3382; x_wconf 84' lang='lat' dir='ltr'>rejicere,</span> <span class='ocrx_word' id='word_1_209' title='bbox 842 3298 1035 3367; x_wconf 89' lang='lat' dir='ltr'>condemua-</span> 
     </span>
     <span class='ocr_line' id='line_1_34' title="bbox 168 3371 1034 3470; baseline 0.022 -32"><span class='ocrx_word' id='word_1_210' title='bbox 168 3395 224 3454; x_wconf 89' lang='lat' dir='ltr'>re,</span> <span class='ocrx_word' id='word_1_211' title='bbox 245 3371 410 3446; x_wconf 86' lang='lat' dir='ltr'>sed-solum</span> <span class='ocrx_word' id='word_1_212' title='bbox 422 3383 497 3449; x_wconf 75' lang='lat' dir='ltr'>&#39;eam</span> <span class='ocrx_word' id='word_1_213' title='bbox 514 3383 653 3450; x_wconf 80' lang='lat' dir='ltr'>nonelse</span> <span class='ocrx_word' id='word_1_214' title='bbox 671 3383 914 3470; x_wconf 84' lang='lat' dir='ltr'>probabiliorem</span> <span class='ocrx_word' id='word_1_215' title='bbox 932 3382 1034 3450; x_wconf 83' lang='lat' dir='ltr'>osten·</span> 
     </span>
     <span class='ocr_line' id='line_1_35' title="bbox 167 3458 1032 3559; baseline 0.015 -34"><span class='ocrx_word' id='word_1_216' title='bbox 167 3458 261 3557; x_wconf 72' lang='lat' dir='ltr'>dere.</span> <span class='ocrx_word' id='word_1_217' title='bbox 284 3463 372 3529; x_wconf 88' lang='lat' dir='ltr'>Nam</span> <span class='ocrx_word' id='word_1_218' title='bbox 394 3489 469 3533; x_wconf 89' lang='lat' dir='ltr'>cum</span> <span class='ocrx_word' id='word_1_219' title='bbox 493 3467 614 3557; x_wconf 88' lang='lat' dir='ltr'>aliquid</span> <span class='ocrx_word' id='word_1_220' title='bbox 640 3489 790 3559; x_wconf 87' lang='lat' dir='ltr'>tanquam</span> <span class='ocrx_word' id='word_1_221' title='bbox 821 3467 1032 3559; x_wconf 89' lang='lat' dir='ltr'>improbabile</span> 
     </span>
     <span class='ocr_line' id='line_1_36' title="bbox 163 3554 1033 3714; baseline 0.013 -98"><span class='ocrx_word' id='word_1_222' title='bbox 163 3567 373 3632; x_wconf 23' lang='lat' dir='ltr'>reaccensae</span> <span class='ocrx_word' id='word_1_223' title='bbox 395 3554 560 3640; x_wconf 77' lang='lat' dir='ltr'>reprobare</span> <span class='ocrx_word' id='word_1_224' title='bbox 579 3555 714 3710; x_wconf 51' lang='grc' dir='ltr'>ΙιὲοΙιιιιι,</span> <span class='ocrx_word' id='word_1_225' title='bbox 734 3558 786 3635; x_wconf 81' lang='lat' dir='ltr'>bis</span> <span class='ocrx_word' id='word_1_226' title='bbox 809 3557 1033 3714; x_wconf 75' lang='lat' dir='ltr'>contrabvoci-</span> 
     </span>
     <span class='ocr_line' id='line_1_37' title="bbox 227 3665 989 3735; baseline 0.005 -55"><span class='ocrx_word' id='word_1_227' title='bbox 227 3673 232 3680; x_wconf 85' lang='grc'><strong><em>.</em></strong></span> <span class='ocrx_word' id='word_1_228' title='bbox 653 3668 673 3735; x_wconf 81' lang='lat'><em>3</em></span> <span class='ocrx_word' id='word_1_229' title='bbox 936 3665 989 3722; x_wconf 18' lang='lat' dir='ltr'>lu,</span> 
     </span>
    </p>
   </div>
   <div class='ocr_carea' id='block_1_3' title="bbox 0 0 1600 4592">
    <p class='ocr_par' dir='ltr' id='par_1_6' title="bbox 0 0 1600 4592">
     <span class='ocr_line' id='line_1_38' title="bbox 0 0 1600 4592; baseline 0 6"><span class='ocrx_word' id='word_1_230' title='bbox 0 0 1600 4592; x_wconf 95' lang='lat' dir='ltr'> </span> 
     </span>
    </p>
   </div>
  </div>
 </body>
</html>
