3192 4592
474 522 483 560 l

398 1940 401 1944 ’
420 1934 519 2018 Juxta

403 2027 483 2091 Can.
504 2038 533 2082 2.

418 2105 511 2193 ejusq.

424 2198 494 2264 Cor.

611 472 676 539 pm
765 447 1271 518 Pnonrnrrrsuva

564 579 638 669 quia
657 578 744 648 istam
760 596 902 659 teneret,
925 575 975 648 ted
999 575 1121 660 fecitte,
1143 594 1178 642 ut
1193 576 1341 642 reduceret
1370 602 1451 646 ean

564 670 607 735 ad
628 668 763 736 debitum
781 667 932 750 sensum,
960 665 994 732 t'n
1020 690 1078 754 quo
1099 661 1193 754 potest
1211 661 1373 749 fiajir'neri,
1401 664 1453 734 δ’

563 757 710 844 expediret
725 750 939 841 difficultates,
958 775 1021 841 qua
1031 743 1107 834 suite
1123 769 1277 840 urgentes.
1301 753 1338 820 Id
1355 751 1453 840 quod

568 841 715 930 legitime
739 841 866 927 colligit
895 861 934 910 ex
964 835 1174 928 superioribus
1198 836 1346 924 loquendi
1374 838 1453 908 for-

566 928 665 998 mulis
687 929 792 997 modus
814 926 989 996 conveniens
1011 925 1105 1009 &m
1137 924 1181 996 (9¹
1195 921 1242 1007 fic
1263 950 1326 1013 ergo
1346 924 1453 1014 poffet

566 1017 648 1098 diei,
670 1017 758 1099 (ve,
780 1013 893 1103 quibus
915 1011 1133 1100 significatur,
1155 1011 1177 1078 st
1200 1033 1238 1080 ea
1262 1030 1410 1082 teneatur
1434 1063 1449 1098 ‚

569 1103 631 1174 hoe
655 1102 752 1170 modo
781 1125 799 1170 a
826 1102 964 1170 uouere
994 1101 1144 1185 affignato
1168 1097 1284 1168 melius
1310 1099 1444 1169 defendi

570 1188 679 1279 posse.
719 1191 830 1280 Itaque
853 1188 966 1259 Scotus
988 1185 1077 1266 jutta
1100 1184 1304 1256 Scholiastem
1328 1187 1362 1255 in
1386 1187 1454 1256 hac

570 1277 741 1367 quastione
764 1270 1012 1364 problematicus
1038 1274 1099 1354 est3
1123 1274 1210 1354 juxta
1233 1273 1449 1342 Commenta-

571 1381 709 1446 torem,
740 1360 933 1433 sententiam
959 1379 1129 1446 negantem
1152 1383 1207 1446 pto
1230 1362 1312 1448 Lege
1335 1359 1451 1430 defen-

572 1453 621 1521 dit
657 1469 809 1537 tanquam
841 1446 1110 1537 probabiliorem.
1142 1445 1303 1534 Quidquid
1326 1466 1445 1516 autem

571 1536 735 1617 afferatur,
758 1557 798 1602 ea
813 1533 874 1603 hoc
897 1533 1044 1623 exemplo
1060 1533 1131 1606 usus
1149 1531 1379 1618 Probabilismi,
1400 1551 1445 1604 ut

573 1623 694 1713 liquet,
718 1620 825 1690 licitus
851 1620 910 1690 est.
1077 1653 1079 1658 ·

618 1708 764 1780 Distinet.
774 1729 827 1807 35.
839 1707 940 1798 quaest.
958 1706 1053 1777 unica
1068 1705 1164 1791 §.Sed
1178 1708 1226 1778 bic
1241 1707 1280 1792 est
1294 1709 1444 1780 dubium.

574 1796 683 1867 Primo
708 1814 799 1882 pomt
826 1795 950 1866 casum.
974 1798 1028 1865 An
1052 1793 1073 1862 fi
1097 1797 1158 1866 Vir
1184 1795 1368 1886 conjugatus
1393 1795 1448 1864 vi-

573 1902 671 1955 vente
715 1879 820 1969 ropria
846 1883 958 1949 Uxore
981 1881 1080 1950 nubat
1111 1907 1186 1956 cum
1208 1882 1272 1950 alia
1303 1881 1445 1952 Muliere

575 1908 1444 2070 ommimmcmmffi,fflmmssmmmmmnffi-

575 2060 723 2130 timentis
759 2054 835 2127 rode
867 2056 1117 2143 consequentis,
1157 2075 1285 2126 mortua
1318 2057 1442 2143 propria

575 2149 706 2228 Uxote,
726 2143 839 2232 poffit,
861 2142 970 2220 habita
992 2141 1214 2230 impedimenti
1240 2142 1446 2234 dispensatio-

574 2254 643 2315 ne,
674 2231 737 2301 sme
767 2247 897 2316 peceato
922 2228 1012 2300 finnt
1039 2253 1113 2327 cum
1141 2229 1198 2301 ilia
1230 2253 1446 2323 permanere·,

596 2317 658 2388 uod
687 2317 730 2388 eu
755 2316 842 2390 iden
866 2339 923 2401 ae,
944 2340 984 2385 an
1001 2319 1251 2390 Matrimonium
1277 2317 1358 2388 illud
1374 2319 1448 2388 red*

572 2343 668 2477 intur
690 2401 855 2487 validum,
876 2402 898 2472 st
925 2402 988 2472 Vir
1013 2403 1077 2494 ipse
1094 2422 1222 2476 tantum
1238 2406 1278 2478 de
1303 2430 1390 2474 novo
1407 2405 1443 2474 in

572 2491 825 2565 Matrimonium
858 2489 1070 2574 consentiat,
1100 2490 1239 2563 Muliere
1275 2493 1315 2562 de
1346 2493 1444 2583 priori

573 2577 808 2668 impedimento
829 2603 887 2652 nec
912 2577 1099 2662 certiorate,
1122 2603 1180 2650 nec
1198 2581 1236 2652 de
1262 2603 1350 2652 novo
1364 2604 1445 2651 eon·

574 2665 753 2734 sentiente.
778 2667 876 2738 Hune
893 2664 1023 2734 resolvit
1046 2667 1214 2766 negative,
1237 2677 1352 2756 'nempe
1372 2669 1447 2736 Ma·

575 2751 767 2823 trimonium
792 2775 856 2822 non
881 2749 1069 2835 revalidari,
1092 2753 1226 2845 adeoque
1248 2754 1312 2827 fine
1330 2778 1443 2842 pecca·

575 2860 612 2911 to
636 2837 780 2909 habitare
797 2837 889 2908 fimul
909 2861 973 2906 non
992 2840 1092 2927 poffe,
1114 2841 1189 2929 quia
1204 2842 1298 2914 docet
1315 2859 1445 2912 utrum·

574 2949 636 3017 que
660 2925 778 3015 requiri
805 2927 844 2994 ad
860 2925 1079 2996 Matrimonii
1108 2928 1330 3012 validitatem,
1352 2927 1447 2996 ideo-

574 3037 636 3170 iiie
653 3013 692 3082 ad
715 3012 840 3085 licitam
866 3036 978 3082 eorum
995 3012 1287 3101 cohabitationem,
1307 3017 1341 3086 δι
1356 3013 1445 3114 quod

619 3097 700 3169 ulier
724 3102 763 3173 de
812 3100 905 3170 rioris
936 3100 1088 3189 Coniugii
1113 3101 1263 3174 nullitate
1294 3121 1446 3174 certiore-

574 3207 646 3269 tur,
670 3187 704 3256 &
721 3126 811 3275 quoi
823 3207 957 3276 uterque
981 3188 1016 3257 in
1032 3189 1282 3262 Matrimonium
1298 3190 1336 3260 de
1354 3213 1443 3257 novo

574 3270 771 3353 consentiat.
786 3275 903 3346 -Postea
921 3275 1014 3362 ponit
1040 3272 1138 3346 alium
1163 3279 1285 3350 casum.
1309 3277 1363 3346 An
1380 3276 1443 3346 hoc

576 3358 684 3432 locum
710 3360 824 3460 habeat
852 3361 951 3434 etiam
967 3361 1012 3462 ,in
1037 3363 1106 3433 casu
1133 3362 1358 3452 impedimenti
1376 3363 1456 3432 orti·

576 3471 616 3517 ex
640 3449 844 3535 promissione
877 3447 977 3518 futura
1009 3449 1215 3519 Matrimonii
1249 3450 1341 3524 simui
1366 3473 1455 3520 cum·

577 3533 766 3610 Adultetio.
788 3531 910 3606 Dehoe
918 3535 992 3604 duat
1002 3534 1172 3609 sententias
1181 3537 1307 3625 innuit,
1319 3559 1442 3692 ἔξωρα

1051 3673 1055 3680 .
1370 3645 1400 3688 r·
