3192 4592
354 501 621 573 MrrrraeMamr
630 465 828 576 Dentonem
841 505 875 575 P.
887 505 916 575 s.
980 511 1021 575 61

194 636 326 708 vincere
349 631 418 703 ullo
440 655 479 703 ex
501 632 602 703 tribus
619 635 723 705 modis
739 637 915 727 assignatis,
939 660 1012 708 curn
1031 635 1065 706 id

196 725 235 792 stt
256 723 287 792 ei
317 719 451 790 omnino
473 718 688 808 impossibile,
721 744 756 793 ut
780 744 865 812 patet
889 775 898 793 .
928 724 1064 810 Quando

191 834 276 879 vero
296 807 338 878 cst
355 806 482 899 prauifir
504 811 631 896 potest,
661 811 696 879 δι
717 811 812 881 debet
834 835 905 881 eam
928 812 1060 882 vincere

197 895 303 984 aliquo
326 918 363 963 ex
386 892 450 963 illis
469 895 589 982 modis.
612 897 653 965 Et
669 897 797 984 quidem
824 897 940 986 potest,
962 898 997 967 &
1015 916 1065 967 te·

196 985 301 1052 netur
315 980 349 1048 in
373 979 481 1067 primis
503 980 676 1070 diligenter
698 983 857 1072 inquirere
886 984 1060 1054 veritatem

195 1069 292 1137 modu
313 1067 449 1166 superius
467 1067 642 1167 explicato.
666 1070 796 1155 Quodsi
821 1090 909 1142 cetto
932 1095 1064 1158 compe·

196 1152 256 1225 riat
278 1153 439 1224 malitiam
455 1154 586 1224 achonis
608 1179 662 1243 per
678 1157 876 1225 existentiam
899 1157 977 1227 certi
987 1167 1065 1245 prat·

196 1242 372 1331 septicam
397 1239 620 1328 prohibentis,
643 1242 763 1328 debet,
786 1264 824 1313 ut
847 1245 994 1327 constat,
1024 1242 1065 1311 ab

195 1353 232 1398 ea
257 1327 423 1402 abstinere.
447 1329 481 1396 Si
503 1351 580 1397 vero
602 1353 665 1399 non
686 1328 828 1400 inveniat
844 1331 972 1418 quidem
995 1353 1063 1398 eer-

198 1435 263 1484 tam
286 1414 448 1484 malitiam
471 1412 592 1485 defettu
617 1435 710 1487 certae
732 1417 812 1506 legis
828 1421 904 1487 eam
930 1418 1065 1485 statuen-

193 1504 255 1587 tis,
279 1501 426 1572 inveniat
445 1519 553 1571 tamen
576 1503 712 1575 rationes
733 1529 842 1594 graves
864 1507 903 1575 de
927 1503 1063 1602 pravita-

194 1611 227 1660 te
245 1590 352 1672 illius,
373 1586 476 1656 nullas
494 1613 594 1674 rrero,
616 1591 668 1662 vel
691 1611 822 1663 tantum
840 1592 925 1675 leves
942 1594 982 1661 de
998 1612 1062 1674 epus

193 1677 355 1761 bonitate,
378 1675 471 1746 debet
497 1676 613 1748 itidem
635 1679 673 1748 ab
704 1703 743 1749 ea
765 1682 940 1752 abstinere.
972 1681 1060 1748 Com

193 1765 282 1834 enirn
299 1761 445 1846 nullum,
467 1762 520 1834 vel
544 1762 613 1836 leve
634 1765 748 1836 habeat
764 1767 1007 1839 fundamentum
1022 1763 1061 1834 de

197 1851 308 1930 licito,
325 1869 476 1945 magnum
493 1874 587 1933 vero,
609 1875 644 1921 ac
661 1853 796 1923 solidum
813 1855 989 1925 dcillicito
1006 1851 1062 1920 usu

188 1933 329 2014 ,asiionis-
342 1931 445 2015 illrus,
467 1957 505 2002 ea
519 1937 601 2004 asbio
619 1937 668 2004 illi
686 1957 774 2008 cetto
792 1941 909 2009 illicita
924 1939 967 2009 est
979 1942 1060 2019 (a).
1103 1933 1165 2016 (a)
1180 1955 1238 2026 per
1335 1983 1344 1998 x

192 2021 227 2090 Si
249 2019 387 2106 denique
418 2018 561 2087 inveniat
593 2020 730 2089 rationes
755 2047 863 2109 graves
895 2048 952 2110 pro
975 2042 1059 2092 otte·
1102 2021 1169 2089 cor.
1193 2047 1224 2111 3.
1346 2060 1348 2067 ·

190 2131 255 2197 que
298 2123 383 2187 arte,
405 2105 457 2174 seu
480 2106 651 2174 contrarias
673 2106 837 2193 opiniones
861 2107 1063 2210 (aequalitet,
1102 2105 1175 2191 Des.
1195 2131 1224 2196 ς.

191 2193 248 2264 vel
270 2131 466 2281 ibaequesiter
488 2191 679 2280 probabiles,
696 2193 794 2264 modo
808 2195 889 2265 nibil
912 2195 1062 2280 interest)

191 2281 286 2352 debet
309 2279 364 2350 vel
394 2277 527 2350 formate
557 2279 611 2348 srbi
635 2281 874 2353 Conscientiam
903 2284 942 2352 de
964 2282 1061 2355 hone·

191 2371 267 2438 state
289 2365 479 2454 operationis
503 2391 557 2455 pet
572 2365 763 2439 elesiionem
784 2371 943 2458 opinionis
965 2374 1060 2459 (pro

192 2453 305 2524 babilis
325 2452 412 2538 ,res
439 2453 681 2542 probabilioris,
710 2479 795 2526 nunc
819 2458 856 2526 ad
881 2457 1062 2529 institutum

192 2566 257 2609 non
280 2540 389 2625 facit)
411 2564 482 2612 eam
505 2539 699 2614 honestatem
722 2544 911 2615 statuentis:
942 2543 995 2614 vel
1024 2544 1062 2616 in

191 2628 253 2698 hoc
276 2628 464 2717 opinionum
489 2629 656 2715 confinio,
679 2630 772 2702 debet
800 2632 830 2702 se
852 2630 999 2703 reducere
1020 2631 1061 2700 ad

191 2714 323 2785 dubium
347 2717 537 2805 prasiicunr,
559 2736 654 2805 atque
676 2717 739 2802 ita,
762 2737 885 2807 partem
904 2719 1059 2790 tutiorem

194 2801 358 2888 eligendo,
380 2805 419 2871 ab
441 2827 476 2872 ea
501 2804 622 2886 atiione
645 2805 760 2892 pariter
781 2807 959 2877 abstinere.
992 2809 1057 2875 Ita·

216 2913 254 2959 ue
278 2890 463 2978 Ignorantia
486 2891 617 2962 masitiae
635 2893 763 2981 pravisae
785 2893 820 2960 in
842 2893 1057 2984 Opinativis,

248 2977 378 3047 incertis
401 2976 488 3046 vinci
512 2979 631 3066 semper
646 2979 739 3049 debet
763 3001 827 3046 uno
848 3004 887 3050 ex
908 2981 958 3049 bis
977 2979 1058 3047 duo‘-

192 3063 247 3132 bus
268 3064 399 3147 modis,
430 3087 543 3152 nempe
565 3065 693 3166 vesper
714 3065 904 3138 clesiionem
925 3065 1053 3219 opinio-

189 3149 253 3217 nis'
267 3150 304 3220 de
327 3150 487 3221 honestate
517 3172 737 3242 operationis,
765 3152 819 3221 vel
842 3177 897 3242 per
926 3153 1056 3224 certio

189 3259 265 3304 nem
289 3237 385 3324 partis
407 3236 535 3307 tutioris
567 3238 717 3309 indubio
748 3239 911 3326 prastic03
941 3239 975 3308 δι
996 3238 1052 3328 qui

191 3319 285 3390 aliter
306 3323 408 3408 facit,
423 3344 511 3396 certo
533 3325 653 3414 semper
678 3344 808 3414 peccat.

240 3409 415 3504 5·,E¹q110
438 3411 564 3499 liquet,
594 3413 632 3482 ad
654 3412 873 3484 incurrendam
894 3411 1057 3485 malitiam

194 3491 325 3575 alicuius
342 3499 490 3582 aetionis,
512 3499 644 3589 ideoque
666 3501 704 3569 ad
725 3497 852 3588 culpam
867 3500 1055 3571 contrahen-

195 3581 269 3651 dam
291 3603 356 3649 non
376 3601 546 3673 oportere,
568 3605 604 3657 ut
626 3609 662 3658 ea
683 3587 832 3676 probetur
852 3587 947 3661 certis
967 3609 1057 3675 argu,

922 3697 1013 3746 men·
