3192 4592
524 535 586 601 372
634 511 886 606 Monoutnrs
908 528 960 576 en
979 506 1264 584 Pnonstnrs'nr'

483 735 574 802 011).
599 745 733 794 sortus
758 726 958 794 annctsc.
990 745 1027 795 ut
1049 727 1092 796 est
1115 727 1151 797 in
1173 730 1355 805 Direttorio

525 814 646 883 Trium
669 811 832 881 Ordinum
854 813 886 880 S.
905 812 1062 883 francisci
1087 817 1201 886 Rome
1219 817 1310 890 edito

533 914 538 936 ⁸
634 903 726 968 1688.
746 949 756 985 ,
786 900 821 968 δι
845 899 884 971 ab
908 901 1105 969 Innocentio
1127 907 1200 972 XI.

771 987 944 1076 approbato
960 1010 991 1054 n.
1002 991 1053 1072 63.

582 1165 713 1233 Moribus
733 1157 823 1248 naslei
844 1160 987 1243 Ordinis,
1017 1183 1054 1225 ac
1075 1165 1148 1230 aliis
1171 1166 1231 1249 fieb
1260 1168 1358 1250 nollra

595 1252 772 1336 direllione,
786 1251 842 1336 seu
866 1249 1045 1316 Obedientia
1065 1250 1241 1334 degentibus
1257 1257 1357 1341 perfo-

481 1341 530 1408 nis
546 1342 579 1408 in
601 1342 733 1409 Domino
750 1339 945 1424 suademus,
958 1361 995 1402 ar
1017 1335 1215 1421 mandamus,
1237 1359 1272 1402 ut
1286 1341 1357 1404 Do-

481 1425 592 1496 &tinas
613 1429 759 1508 tutiores,
791 1425 835 1491 (Ὺ
852 1423 1059 1511 probabiliores
1074 1420 1192 1509 semper
1212 1425 1355 1506 doceant,

481 1515 525 1582 (θ’
545 1512 778 1601 amplel'lantur.

599 1689 691 1756 oro.
715 1659 979 1752 Sincnssrnae
1012 1657 1240 1755 'ramirans

736 1770 775 1838 de
799 1767 956 1856 Redemp.
979 1771 1110 1858 Captiv.

485 1947 573 2109 IN
599 1944 770 2048 opinionum
798 1942 912 2045 deleliu
933 1945 1063 2014 habeant
1093 1947 1202 2046 Patres
1223 1945 1369 2015 lettores*

541 2037 702 2134 specialem
724 2033 974 2115 advertentiam,
1014 2032 1058 2101 (θ’
1089 2058 1174 2099 enrxe
1205 2033 1357 2116 suadeant

483 2143 713 2204 communiores,
745 2120 898 2208 magisque
914 2121 1055 2207 probatas
1071 2119 1241 2202 sententias
1263 2122 1359 2206 tueri,

485 2238 522 2279 ne
544 2212 585 2278 ad
606 2206 813 2293 ostendendam
836 2208 947 2307 ingenii
961 2207 1185 2293 subtilitatem,
1206 2210 1360 2278 adducant

486 2299 634 2387 opiniones
642 2342 788 2366 .....
805 2319 907 2362 mrnus
920 2295 1102 2382 probabiles.

529 2477 622 2542 Ono.
655 2471 968 2542 Penntcnronuns
999 2469 1034 2538 in
1058 2473 1136 2558 Cap.
1161 2469 1314 2542 Generali

726 2555 890 2629 celebrato
914 2580 1000 2625 anno
1028 2561 1121 2645 1656.

520 2764 525 2768 ·
575 2732 703 2801 Aoeant
723 2735 763 2799 ab
785 2735 869 2799 omni
885 2732 1002 2821 proritu
1023 2733 1225 2819 exotiearum,
1248 2733 1359 2820 minus·
1381 2763 1383 2766 ·

590 2847 649 2910 que
669 2845 737 2888 cum
758 2821 861 2887 littera
881 2823 915 2887 S.
940 2820 1059 2888 Tbomae
1082 2822 1280 2891 cohaerentium
1297 2825 1358 2904 opi-

486 2911 630 2991 nionum,
647 2907 790 2998 precipue
811 2931 881 2974 vero
904 2908 938 2973 in
960 2908 1139 2993 moralibus,
1169 2910 1222 2976 ubi
1237 2907 1360 2998 preffius

486 2997 524 3066 de
540 2998 697 3080 salomae
717 2995 916 3062 indemnitate
936 2996 1107 3066 animarum
1127 2996 1246 3084 agitur.
1270 3000 1360 3078 Porro

488 3085 522 3150 in
545 3082 593 3150 bis
607 3079 750 3166 studeam
772 3085 856 3148 omni
876 3084 992 3150 cautela
1015 3087 1128 3152 evitare
1150 3085 1299 3173 opiniones
1315 3087 1362 3154 la-

488 3193 564 3252 xas,
586 3194 700 3252 novas,
722 3192 759 3236 ac
775 3183 885 3260 pbrum
908 3189 1008 3255 tutas,
1029 3171 1255 3260 abstineantque
1274 3199 1296 3238 a
1306 3189 1363 3261 pm
1384 3181 1386 3187 ’

488 3256 634 3339 radoxis,
664 3255 707 3328 (θ’
730 3254 866 3340 monstris
895 3259 1051 3326 recentium
1078 3261 1283 3359 placitorum,
1306 3259 1362 3343 seu

486 3343 726 3432 problematum,
746 3370 811 3431 qua
833 3345 930 3432 magis
942 3348 1085 3414 'vanitate
1103 3394 1113 3429 ‚
1142 3370 1180 3412 ac
1196 3345 1358 3432 periculofir

491 3422 679 3511 ostentationi
699 3432 853 3514 militant,
876 3456 968 3519 quam
991 3431 1132 3500 veritati.
1156 3432 1301 3522 Denique
1313 3433 1352 3518 sa

492 3536 599 3606 tagam
621 3543 680 3584 non
709 3538 828 3586 tantum
844 3516 1015 3603 fideliffime
1044 3519 1076 3584 in
1098 3520 1236 3589 omnibus
1264 3519 1359 3588 adba-

492 3605 594 3691 testere
620 3602 699 3691 sana
719 3604 869 3674 Doffln'nae
898 3603 1004 3689 Nostri
1032 3607 1173 3695 Angeliri
1203 3611 1361 3704 Praecepto·

1262 3716 1322 3775 ns,
1422 3742 1424 3748 -
