3192 4592
595 496 637 578 84
736 470 1234 568 'Ptoneur'cts'neus

549 621 609 708 tufi
624 639 743 721 propter
764 625 902 711 aliquid,
922 627 1002 712 quod
1021 623 1084 708 fili
1105 625 1270 697 inorde'uete
1289 633 1420 718 placete·

474 789 477 801 Ι
543 709 601 795 sed
623 706 677 791 este
698 709 815 796 recessus
838 737 895 778 nun
919 713 1159 798 consummatur,
1189 715 1246 800 m'fi
1264 733 1318 805 per
1337 720 1418 805 dese·

387 3494 457 3567 cor,
485 3515 512 3559 1.

387 3576 519 3670 Delu·

549 794 630 864 Ham
654 797 793 880 rationis,
816 819 879 887 qu‘e
897 801 1019 888 fallitur
1033 802 1067 866 in
1088 800 1157 885 boe,
1178 805 1256 890 quod
1279 808 1416 892 repudiet

549 883 706 971 121,qu
731 886 802 952 telle
826 905 1064 974 acceptaverat.:

595 971 648 1038 nd
671 972 851 1042 Henricum
875 997 951 1043 vero
971 972 1054 1062 quod
1072 973 1213 1058 attinet,
1236 975 1292 1044 ille
1313 975 1413 1047 intel·

551 1054 681 1157 ligitur,
704 1083 779 1127 cum
801 1061 908 1128 bonum
933 1083 970 1129 ex
991 1059 1126 1147 quodam
1150 1081 1337 1151 contemptu
1354 1091 1415 1134 me·

516 1162 520 1172 ·
550 1143 633 1212 ueris
657 1143 806 1233 eligitur,
829 1171 964 1236 eumque
988 1165 1154 1235 utrumque
1179 1149 1288 1217 eadem
1310 1148 1413 1218 sacili⁴

551 1247 637 1315 tate,
660 1231 779 1301 caeteris
801 1235 943 1320 paribus,
965 1232 1040 1323 eligi
1066 1233 1190 1320 potest,
1221 1235 1270 1303 uti
1297 1233 1413 1304 elarius

552 1317 583 1386 se
606 1317 743 1403 explicat
767 1319 898 1407 ipsemet
915 1345 992 1411 que.
1011 1343 1080 1408 32.,
1103 1321 1229 1407 quae'ell
1254 1321 1416 1404 hujusmo-

552 1403 605 1472 di.
629 1404 734 1472 Utrum
758 1408 791 1473 in
817 1408 923 1496 equali
942 1407 1091 1491 facilitate
1116 1409 1276 1498 exequendi
1300 1418 1415 1478 utrum-

553 1507 628 1577 que,
649 1510 784 1560 teneatur
799 1494 881 1560 homo
890 1494 1004 1582 semper
1034 1495 1075 1560 ad
1095 1496 1201 1562 melius
1219 1495 1412 1580 faciendum.

553 1576 731 1647 Concludit
754 1579 860 1648 enim.
884 1580 993 1647 idcirco
1008 1580 1072 1648 dico
1087 1581 1234 1665 abstulere,
1256 1584 1335 1668 quod
1350 1583 1419 1672 qus*

553 1665 645 1746 libet,
666 1667 773 1732 ceteris
791 1668 916 1755 paribus
932 1715 943 1749 ,
959 1667 1073 1755 semper
1095 1684 1210 1735 tenetur
1233 1693 1341 1758 agere,
1370 1669 1417 1740 θ’

553 1749 656 1840 eligere
682 1754 806 1820 melius.
833 1753 936 1835 Vide,
957 1752 979 1819 sr
1003 1752 1107 1823 lubet.
1266 1840 1273 1854 ·

598 1838 707 1922 Atque
728 1839 789 1908 hoe
813 1840 899 1908 sensu
921 1863 1032 1908 omnes
1062 1839 1275 1922 hujuscemod1
1306 1842 1418 1913 autho*
1511 1862 1513 1936 J

553 1921 664 1990 ritetes
687 1925 856 1994 universrm
882 1949 963 1994 verae
986 1926 1075 1995 sunt.
1098 1924 1239 1998 Profecto
1263 1929 1350 1997 enim
1375 1928 1422 2000 ed·
1511 2007 1513 2021 ,

551 2007 693 2096 ¹aliquam
731 2012 849 2080 mentis
888 2011 1160 2082 deordinationern
1177 2061 1187 2097 ‚
1202 2014 1350 2102 uideoque
1375 2018 1416 2086 cd
1512 2035 1513 2040 ’

555 2093 803 2183 imprudentiam
826 2098 963 2186 pertinet
989 2119 1192 2170 contemnere
1208 2105 1344 2180 meliora,
1367 2127 1418 2172 ea·
1512 2161 1514 2178 ,

554 2205 616 2270 que
641 2183 704 2251 stne
729 2185 818 2272 gravi
843 2186 969 2255 ratione
992 2187 1174 2274 repudiate.
1208 2189 1300 2272 Quod
1322 2190 1356 2258 in
1381 2199 1416 2262 te
1512 2251 1513 2256 ,

555 2266 656 2336 nostra
680 2272 815 2341 minime
841 2263 947 2342 locum
970 2273 1084 2356 habet,
1107 2290 1146 2342 ut
1159 2271 1297 2362 liquet.
1320 2275 1416 2346 Alio-
1512 2287 1513 2290 ’

554 2354 612 2444 qui
636 2355 847 2446 obligaremur
878 2360 998 2446 semper
1022 2357 1060 2426 ad
1086 2360 1230 2445 tutiora,
1251 2360 1415 2452 meliora,

555 2440 696 2530 optima,
718 2445 831 2515 &ideo
850 2446 948 2514 etiam
957 2447 995 2512 ad
1004 2444 1143 2514 Consilia
1152 2447 1341 2536 Evangelica
1349 2449 1414 2520 &u

554 2528 650 2613 Quod
666 2529 767 2601 sensui
783 2532 967 2614 communi,
996 2551 1089 2620 atque
1106 2532 1281 2604 Catholicae
1290 2536 1416 2606 Doslri-

554 2637 602 2682 uae
616 2615 813 2703 adversatur,
836 2642 874 2688 ne
897 2642 937 2687 ue
954 2618 1162 2705 abHenrico,
1185 2623 1322 2692 Douore
1338 2621 1417 2694 alio-

553 2700 610 2790 qui
635 2702 732 2770 nimis
762 2643 934 2775 univerlrm
957 2729 1031 2775 vere
1061 2705 1264 2796 scrupuloso,
1294 2728 1348 2778 aut
1373 2710 1413 2777 ab

555 2785 625 2874 ipsrs
651 2789 936 2877 Probabilioristis,
959 2792 993 2860 in
1020 2791 1130 2863 multis
1160 2795 1324 2887 caeteroqui
1346 2817 1413 2862 non

555 2873 694 2943 nimium
711 2876 919 2968 scrupulosis,
944 2878 1075 2969 opinor,
1095 2879 1307 2964 admittitur,
1339 2881 1413 2968 quia

554 2979 661 3047 aperte
687 2959 797 3035 salsum
825 2967 885 3038 est.

891 3085 1028 3168 'IX-

599 3223 785 3298 Intelletlus
806 3228 1014 3316 ell'potentie
1036 3225 1202 3312 naturalis,
1223 3227 1258 3296 δι
1280 3226 1414 3300 necessa·
1485 3235 1487 3244 ’

554 3312 619 3393 ria,
639 3311 727 3394 cujus
750 3313 907 3397 objectum
933 3315 974 3383 est
995 3335 1125 3384 verum.

386 3408 449 3487 (a)
467 3422 521 3496 per
568 3397 573 3430 ³
595 3401 724 3488 Nempe
747 3402 799 3472 vel
825 3398 1036 3490 principaliter
1056 3403 1149 3487 reale,
1170 3399 1223 3472 vel
1247 3399 1348 3474 etiam
1364 3401 1416 3474 se·

554 3484 704 3558 cundetio
726 3491 871 3581 apparent
885 3491 949 3572 (a)
963 3533 973 3552 .

1299 3663 1370 3732 Vo-
1440 3655 1442 3658 ’
