3192 4592
579 489 631 588 76
706 480 1249 571 'Pr‘o‘nrnur'suus‘

538 627 578 728 tie
600 629 665 785 egr
695 611 856 713 saltitare,
887 628 1072 718 pravitate,
1101 627 1267 718 periculo,
1291 629 1398 720 perui·

539 738 589 784 ere
651 739 678 782 o

772 885 1173 960 SCHOLIUM.

375 1095 378 1100 ·
541 1058 732 1221 Porus?
762 1067 871 1132 aut'en'r
910 1064 1093 1150 approbatio
1124 1063 1215 1134 statui
1246 1061 1393 1154 triplex,
1508 1115 1510 1126 ,

376 1159 405 1186 ·’
543 1167 546 1171 “
629 1148 827 1233 Definitivo,
851 1149 1009 1235 Elefliva,
1031 1151 1229 1305 Permiffva.
1396 1173 1400 1180 '

546 1266 549 1274 ·
584 1259 611 1305 r.
635 1236 840 1320 Definitioam
872 1260 980 1321 voco,
1019 1262 1079 1326 qua
1109 1237 1214 1325 aiqua
1245 1237 1399 1307 Dotirina

532 1322 664 1411 pofitioe
686 1324 875 1410 approbatur
906 1342 1057 1411 tanquam
1080 1324 1219 1394 absolute
1243 1323 1397 1392 immunis

536 1412 578 1478 ab
608 1410 697 1480 omni
730 1410 860 1496 prorsus*
880 1433 1008 1493 errore,
1040 1430 1111 1479 tum
1142 1435 1180 1480 ex
1211 1410 1283 1496 iis,
1322 1433 1400 1498 quos

536 1520 625 1566 nunc
647 1494 789 1566 Ecclefiae
812 1497 929 1564 constat
951 1518 1068 1564 errores
1090 1495 1167 1580 effe,
1190 1514 1261 1564 tum
1285 1496 1402 1578 exiis,

535 1607 616 1679 quos
639 1583 672 1649 in
691 1582 845 1669 posterum
867 1604 921 1667 per
953 1605 1049 1650 novas
1073 1581 1287 1650 Definitiones
1317 1605 1402 1654 erro-

536 1689 585 1736 res
605 1668 667 1738 ,etse
691 1668 827 1736 constare
851 1668 968 1752 potest.

541 1773 561 1787 ”·
582 1779 611 1824 2.
636 1754 805 1822 Eleuivam
828 1777 938 1837 voco,
966 1777 1026 1840 qua
1045 1753 1196 1822 Dotitina
1218 1754 1322 1842 aliqua
1347 1774 1402 1844 po-

369 1853 380 1895 '·
440 1873 444 1882 ·
529 1842 627 1929 fitioe
659 1840 845 1940 approbatur
882 1859 1041 1928 tanquam.
1069 1839 1209 1909 abiolute
1248 1841 1401 1910 immunis

458 1952 475 1967 ⁴·
538 1931 579 2000 ab
601 1953 691 1996 omnr
714 1951 818 1996 errore
838 1943 876 1993 ex
901 1926 940 1992 iis
963 1943 1112 2009 tantum,
1134 1951 1210 2012 quos
1234 1951 1317 1998 nunc
1339 1931 1400 1998 Ee·

435 2030 438 2038 '
538 2015 638 2086 clefiae
671 2014 793 2082 constat
826 2035 942 2080 errores
980 2013 1067 2091 effe,
1099 2013 1233 2082 minime
1264 2037 1340 2082 vero
1361 2035 1400 2082 ex

540 2103 601 2186 iis,
621 2123 698 2190 quos
723 2099 928 2186 inposterum
951 2123 1040 2168 novae
1050 2098 1257 2169 Definitionis
1280 2109 1342 2188 ope
1355 2123 1401 2170 er-

430 2203 435 2212 ·
538 2213 626 2258 rores
648 2188 706 2255 effe
729 2187 867 2255 constare
892 2186 1007 2271 potest.

381 2302 385 2311 ·
469 2347 473 2354 ,
497 2287 500 2291 ’
555 2340 567 2347 ,
578 2299 609 2364 3.
627 2272 836 2359 Permrffioam
854 2296 955 2356 voco,
977 2295 1037 2360 qua
1060 2271 1195 2342 Ecclesu
1211 2297 1295 2344 mere
1311 2297 1401 2362 nega·

425 2379 429 2387 “
533 2364 600 2431 rive
622 2361 652 2428 se
676 2359 770 2428 habet
794 2358 968 2428 circaeam
993 2359 1197 2444 Dominam,
1220 2361 1265 2431 ita
1288 2381 1323 2430 ut
1341 2385 1398 2432 nec

527 2447 665 2541 postrive'
678 2448 801 2516 constet
823 2445 857 2512 in
880 2467 915 2511 ea
937 2441 997 2512 etse
1020 2468 1175 2530 errorem,
1197 2471 1255 2518 nec
1272 2446 1400 2539 pofirioe

533 2535 654 2606 c'onstet
679 2544 744 2600 non‘
767 2532 827 2600 esse
849 2545 1011 2598 errorem'.
1034 2533 1163 2602 Etenim
1190 2533 1302 2603 sre'am
1326 2559 1397 2622 pro,-

449 2619 454 2628 ’
532 2622 603 2714 prio
627 2617 744 2700 judicio
765 2617 933 2700 discutiat,
955 2619 1134 2708 constetque
1153 2619 1279 2708 pofitive
1304 2621 1400 2692 inesse

533 2731 690 2788 errorem,
713 2703 803 2770 illam
826 2701 948 2787 pofitive
965 2709 1130 2792 reprobat3
1153 2706 1260 2776 sivero
1273 2708 1400 2796 pofitive

533 2795 654 2864 constet
673 2816 737 2858 non
760 2791 855 2859 inesse
878 2813 1041 2875 errorem,
1064 2819 1127 2861 non
1152 2813 1258 2862 tamen
1276 2797 1397 2880 semper

532 2880 625 2949 illam
646 2876 913 2964 pofitive‘probat.
940 2880 1050 2965 Itaque
1061 2879 1319 2968 permittendum
1336 2879 1396 2946 ati·

531 2993 571 3036 ve
587 2968 616 3036 se
641 2965 759 3048 babet,
780 2965 814 3033 δι
834 2989 872 3032 ne
896 2987 933 3032 ue
952 2965 1080 3051 probat,
1102 2989 1202 3051 neque
1218 2905 1393 3050 improbat.

575 3077 606 3136 4
621 3051 750 3124 ¹Rursus
771 3050 832 3118 alia
856 2989 897 3118 eb
919 3051 1102 3136 approbatio
1118 3051 1289 3141 generalis,
1310 3051 1396 3116 indc-

527 3138 651 3225 finita,
672 3139 814 3226 confusa,
838 3135 899 3206 alia
920 3139 1141 3217 determinata,
1172 3136 1205 3202 δι
1229 3133 1395 3224 spetialis.

533 3229 627 3296 Hauc
649 3250 755 3305 vocor
772 3247 833 3311 qua
855 3247 886 3291 v.
903 3247 933 3309 g.
959 3224 1063 3308 aliqua
1089 3218 1257 3309 propofitio
1283 3222 1397 3310 specia-

534 3311 610 3380 liter
635 3312 840 3400 approbatur.
867 3308 961 3375 Illam
988 3331 1087 3390 voco,
1109 3331 1168 3394 qua
1198 3331 1226 3374 v.
1245 3331 1273 3406 g.
1301 3311 1396 3380 Liber

533 3397 675 3486 aliquis,
704 3421 767 3485 quo
793 3395 903 3464 multae
926 3392 1147 3480 propoiiriones
1170 3414 1396 3482 continentur,

533 3484 739 3572 approbatur,
762 3483 807 3550 ita
829 3500 964 3561 tamen,
997 3495 1032 3547 ut
1054 3477 1141 3548 nulla
1166 3480 1337 3569 proposrtio
1359 3483 1395 3552 in

534 3567 718 3658 particulari
743 3566 847 3655 aliqua
876 3566 1013 3639 Censura
1036 3567 1244 3656 approbetur.
1280 3584 1328 3724 Pr·

614 3681 617 3684 ,
1243 3675 1270 3746 5·
1318 3681 1358 3728 κ,
