3192 4592
583 505 650 574 286
698 498 1265 573 “nonannoeane-

795 753 801 760 .
871 677 1023 759 v111.

580 816 621 882 In
641 811 693 880 bis
724 807 944 896 Dosloribus,
971 807 1027 878 ubi
1059 803 1204 894 exempla
1224 809 1416 896 praesertim

536 899 589 973 vel
612 898 700 982 juxta
721 901 846 968 Canon.
868 921 919 982 2.,
941 896 1035 984 ejusq.
1062 894 1214 979 Coroll,
1245 894 1307 964 vel·
1321 897 1418 978 juxta

537 1011 568 1079 3.
599 985 813 1070 clarioribus,
844 1002 939 1072 atque
963 981 1146 1052 fortioribus
1178 979 1327 1070 loquendi
1346 981 1412 1052 for-

536 1074 636 1146 mulis
656 1073 821 1162 expressa,
851 1071 1025 1153 cujusmodi
1051 1067 1211 1139 illectant
1237 1094 1246 1135 :
1277 1085 1414 1138 neutram
1506 1118 1508 1133 i

536 1165 684 1253 reprobo:
706 1181 774 1230 utra
795 1187 831 1227 ue
844 1157 986 1243 sustineri
1005 1153 1127 1247 potest:
1150 1153 1182 1238 fi
1203 1156 1275 1258 puis
1296 1177 1417 1226 contra.

536 1255 617 1321 rium
639 1250 715 1319 velit
726 1187 892 1334 sellinrre:
918 1248 991 1335 elige
1011 1271 1104 1334 quam
1125 1268 1248 1312 mavrs:
1272 1243 1306 1312 δι
1329 1243 1417 1314 simi*

536 1338 611 1422 les,
642 1336 878 1418 inveniuntur,
910 1357 951 1402 ea
969 1350 1082 1420 utpote
1115 1333 1247 1402 adrem
1280 1331 1414 1401 demon-

439 1500 444 1510 ,
536 1425 690 1497 sitandam
706 1424 829 1511 aptiora
848 1440 977 1490 tantum
985 1421 1172 1501 afferentur,
1189 1416 1306 1488 resinis
1322 1419 1415 1506 aliis,

559 1537 605 1581 uae
627 1511 714 1593 juxta
732 1510 809 1576 alias
828 1507 976 1595 loquendi
994 1505 1163 1592 formulas,
1183 1504 1316 1592 aliosque
1334 1528 1412 1575 cen-

535 1537 626 1669 lendi
649 1596 760 1665 modos
788 1595 890 1665 afferri
924 1594 1073 1682 possent,
1104 1617 1144 1666 ne
1167 1591 1326 1682 superfluis
1348 1593 1411 1663 Le-

537 1687 637 1757 stores
658 1701 857 1772 graventur.
889 1682 957 1756 Ubi
980 1707 1058 1752 vero
1079 1680 1232 1764 ejusmodi
1263 1679 1375 1754 desunt
1396 1727 1409 1765 ‚

540 1771 592 1841 his
615 1790 763 1854 utemur,
785 1771 877 1858 quia,
903 1789 939 1840 ut
962 1769 1157 1858 supradixi,
1180 1794 1246 1836 non
1268 1769 1350 1855 apud
1373 1791 1411 1835 o-

539 1880 632 1941 mnes
655 1860 809 1926 Dostores
827 1861 891 1927 Res
917 1858 1028 1928 eadem
1054 1857 1126 1942 via,
1148 1881 1184 1926 ac
1207 1857 1332 1926 ratione
1349 1873 1411 1925 tra-

540 1947 632 2018 &atae
648 1943 740 2014 sunt.
764 1947 854 2012 Nam
877 1943 934 2014 etst
958 1971 996 2016 ex
1020 1943 1083 2013 sola
1100 1944 1255 2014 methodo
1277 1946 1343 2012 Res
1358 1943 1413 2012 de-

539 2031 692 2102 cernendi
709 2033 871 2121 opinando,
895 2056 959 2101 non
979 2030 1144 2124 afferendo,
1167 2051 1261 2120 atque
1280 2029 1352 2100 ideo
1370 2054 1409 2100 ex

538 2119 596 2188 usu
621 2117 751 2202 alicujus
770 2117 971 2205 locutionis,
992 2139 1046 2189 aut
1071 2119 1159 2188 modi
1186 2143 1224 2190 ex
1252 2119 1409 2207 assignatis

540 2208 707 2294 Sup.19.,
731 2205 875 2294 legitime
899 2207 1041 2294 permissa
1064 2231 1083 2276 a
1108 2205 1300 2277 Dosloribns
1324 2229 1412 2275 com·

536 2311 655 2382 parata
686 2292 919 2380 probabilitatis
950 2293 1065 2366 elelbio
1098 2293 1293 2384 colligatur,
1326 2296 1411 2363 unde

537 2405 594 2469 per
625 2378 728 2450 solam
761 2379 942 2470 generalem
969 2403 998 2470 3.
1024 2385 1105 2452 Can.
1132 2383 1219 2470 snpra
1249 2379 1408 2454 traditum

536 2491 587 2538 res
610 2467 754 2538 universa
777 2468 897 2537 absolvi
923 2471 1042 2558 possit:
1074 2488 1183 2540 tamen
1204 2465 1410 2555 distins’rius,

536 2555 572 2624 δι
595 2552 709 2623 fortius
734 2580 788 2642 per
809 2557 933 2624 Canon.
952 2579 1000 2642 2.,
1023 2559 1057 2627 &
1082 2579 1113 2646 3.
1137 2557 1226 2644 juxta
1250 2555 1409 2642 praedislas

534 2641 755 2739 expressiores,
778 2643 813 2710 δι
835 2642 1025 2714 efficaciores
1047 2643 1197 2716 formulas
1218 2642 1270 2732 agi
1293 2645 1413 2734 potest,

532 2749 613 2880 pnra
644 2726 820 2796 iniistis
850 2731 950 2813 major
975 2732 1175 2802 deduelionis
1207 2735 1416 2820 comprehen-

561 2830 647 2882 1tur.
671 2815 739 2883 Ubi
763 2815 865 2885 etiam
889 2820 1123 2890 advertendum
1149 2821 1210 2906 est,
1233 2843 1306 2892 cum
1323 2843 1408 2890 ano-

539 2899 589 2970 bis
611 2902 707 2972 varia
731 2903 900 2991 opiniones
923 2907 962 2974 de
985 2931 1019 2977 re
1041 2907 1147 2995 aliqua
1166 2993 1172 3007 ⁶
1179 2933 1232 2994 per
1254 2908 1408 2978 Dostores

540 3011 801 3061 commemoratae
826 2991 1030 3078 referuntur,
1062 3019 1119 3063 nos
1141 3019 1209 3064 vim
1231 3007 1296 3060 non
1321 2989 1418 3065 sace-¹

539 3099 573 3145 re
597 3076 632 3143 in
652 3079 720 3166 ipsa
746 3080 886 3150 veritate
917 3081 1175 3170 probabilitatis,
1205 3075 1301 3168 quast}
1320 3083 1407 3169 quod

534 3185 649 3231 omnes
675 3162 739 3236 illa
764 3167 910 3256 opposstae
931 3168 1097 3256 opiniones
1123 3191 1196 3236 vete
1227 3167 1407 3256 probabiles

532 3247 614 3333 sint,
638 3251 688 3320 sed
708 3252 811 3323 solum
831 3255 865 3322 in
880 3256 1017 3326 efficacia
1033 3253 1248 3326 deduelionis.
1271 3254 1405 3326 Etenim

531 3335 857 3439 opinionesumultae,
878 3366 947 3431 quae
972 3344 1133 3413 veteribus
1155 3340 1313 3431 aliquibus
1339 3345 1403 3446 pla·

532 3447 686 3510 atterunt,
709 3431 973 3517 pamantiquatae3
995 3427 1203 3514 &absalem
1224 3431 1279 3499 vel
1303 3449 1403 3500 ettam

531 3536 619 3581 nunc
635 3511 732 3598 false,
756 3536 811 3584 aut
821 3515 1040 3603 improbabiles
1057 3518 1147 3586 sunt.
1166 3519 1280 3606 Itaque
1300 3541 1405 3589 exem-

532 3597 585 3689 pla
609 3618 735 3671 tantum
760 3605 934 3675 afferuntur
952 3651 964 3694 ,
985 3623 1022 3675 ut
1046 3625 1214 3694 appareat,
1243 3629 1283 3677 ex
1305 3606 1402 3674 modo
1486 3683 1490 3690 ,

1307 3691 1364 3758 low

1509 2783 1515 2897 s

1508 2932 1515 3124 l
