<?xml version="1.0" encoding="UTF-8"?>
<!DOCTYPE html PUBLIC "-//W3C//DTD XHTML 1.0 Transitional//EN"
    "http://www.w3.org/TR/xhtml1/DTD/xhtml1-transitional.dtd">
<html xmlns="http://www.w3.org/1999/xhtml" xml:lang="en" lang="en">
 <head>
  <title>
</title>
<meta http-equiv="Content-Type" content="text/html;charset=utf-8" />
  <meta name='ocr-system' content='tesseract 3.04.00' />
  <meta name='ocr-capabilities' content='ocr_page ocr_carea ocr_par ocr_line ocrx_word'/>
</head>
<body>
  <div class='ocr_page' id='page_1' title='image "./probabilismusme00fortgoog_0358.png"; bbox 0 0 3192 4592; ppageno 0'>
   <div class='ocr_carea' id='block_1_1' title="bbox 311 461 1002 551">
    <p class='ocr_par' dir='ltr' id='par_1_1' title="bbox 311 461 1002 551">
     <span class='ocr_line' id='line_1_1' title="bbox 311 461 1002 551; baseline -0.006 -15"><span class='ocrx_word' id='word_1_1' title='bbox 311 461 895 537; x_wconf 60' lang='lat' dir='ltr'><strong>Memorannrnonseenil.</strong></span> <span class='ocrx_word' id='word_1_2' title='bbox 931 481 1002 551; x_wconf 54' lang='lat'>&#39;347</span> 
     </span>
    </p>
   </div>
   <div class='ocr_carea' id='block_1_2' title="bbox 143 594 1067 3556">
    <p class='ocr_par' dir='ltr' id='par_1_2' title="bbox 176 594 1045 778">
     <span class='ocr_line' id='line_1_2' title="bbox 176 594 1045 683; baseline -0.001 -15"><span class='ocrx_word' id='word_1_3' title='bbox 176 621 209 677; x_wconf 82' lang='lat' dir='ltr'><strong>tc</strong></span> <span class='ocrx_word' id='word_1_4' title='bbox 230 595 392 668; x_wconf 81' lang='lat' dir='ltr'>certitudo</span> <span class='ocrx_word' id='word_1_5' title='bbox 409 617 475 662; x_wconf 90' lang='lat' dir='ltr'><strong>non</strong></span> <span class='ocrx_word' id='word_1_6' title='bbox 497 613 608 681; x_wconf 76' lang='lat' dir='ltr'><strong>nova,</strong></span> <span class='ocrx_word' id='word_1_7' title='bbox 628 612 683 662; x_wconf 91' lang='lat' dir='ltr'><strong>aut</strong></span> <span class='ocrx_word' id='word_1_8' title='bbox 700 594 782 666; x_wconf 89' lang='lat' dir='ltr'><strong>certi</strong></span> <span class='ocrx_word' id='word_1_9' title='bbox 799 595 971 683; x_wconf 86' lang='lat' dir='ltr'><strong>temporis,</strong></span> <span class='ocrx_word' id='word_1_10' title='bbox 994 598 1045 667; x_wconf 93' lang='lat' dir='ltr'><strong>sed</strong></span> 
     </span>
     <span class='ocr_line' id='line_1_3' title="bbox 180 679 600 778; baseline -0.026 -21"><span class='ocrx_word' id='word_1_11' title='bbox 180 688 331 774; x_wconf 89' lang='lat' dir='ltr'><strong>antiqua,</strong></span> <span class='ocrx_word' id='word_1_12' title='bbox 352 686 385 755; x_wconf 75' lang='grc' dir='ltr'>ἃ</span> <span class='ocrx_word' id='word_1_13' title='bbox 405 702 523 750; x_wconf 73' lang='lat' dir='ltr'><strong>eterna</strong></span> <span class='ocrx_word' id='word_1_14' title='bbox 539 679 600 778; x_wconf 79' lang='lat' dir='ltr'><strong>cll.</strong></span> 
     </span>
    </p>

    <p class='ocr_par' dir='ltr' id='par_1_3' title="bbox 176 766 1045 1448">
     <span class='ocr_line' id='line_1_4' title="bbox 218 766 1043 860; baseline 0 -18"><span class='ocrx_word' id='word_1_15' title='bbox 218 777 278 842; x_wconf 83' lang='grc' dir='ltr'><strong>ΙΙ.</strong></span> <span class='ocrx_word' id='word_1_16' title='bbox 309 770 480 860; x_wconf 83' lang='lat' dir='ltr'><strong>Quomodo</strong></span> <span class='ocrx_word' id='word_1_17' title='bbox 517 766 665 839; x_wconf 83' lang='lat' dir='ltr'><strong>Scientiae</strong></span> <span class='ocrx_word' id='word_1_18' title='bbox 693 771 824 841; x_wconf 72' lang='lat' dir='ltr'><strong>⁴Motali</strong></span> <span class='ocrx_word' id='word_1_19' title='bbox 851 771 1043 857; x_wconf 78' lang='lat' dir='ltr'><strong>constantia,</strong></span> 
     </span>
     <span class='ocr_line' id='line_1_5' title="bbox 177 855 1045 947; baseline -0.007 -13"><span class='ocrx_word' id='word_1_20' title='bbox 177 861 338 943; x_wconf 79' lang='lat' dir='ltr'><strong>soliditas,</strong></span> <span class='ocrx_word' id='word_1_21' title='bbox 355 856 525 936; x_wconf 78' lang='lat' dir='ltr'><strong>securitas,</strong></span> <span class='ocrx_word' id='word_1_22' title='bbox 540 855 719 941; x_wconf 85' lang='lat' dir='ltr'><strong>certitudo,</strong></span> <span class='ocrx_word' id='word_1_23' title='bbox 737 877 833 946; x_wconf 90' lang='lat' dir='ltr'><strong>atque</strong></span> <span class='ocrx_word' id='word_1_24' title='bbox 853 861 925 931; x_wconf 90' lang='lat' dir='ltr'><strong>ideo</strong></span> <span class='ocrx_word' id='word_1_25' title='bbox 943 861 1045 947; x_wconf 83' lang='lat' dir='ltr'><strong>digni-</strong></span> 
     </span>
     <span class='ocr_line' id='line_1_6' title="bbox 177 941 1044 1032; baseline -0.001 -15"><span class='ocrx_word' id='word_1_26' title='bbox 177 971 240 1032; x_wconf 85' lang='lat' dir='ltr'><strong>tas,</strong></span> <span class='ocrx_word' id='word_1_27' title='bbox 261 972 306 1026; x_wconf 70' lang='lat' dir='ltr'><strong>ac.</strong></span> <span class='ocrx_word' id='word_1_28' title='bbox 316 945 440 1016; x_wconf 86' lang='lat' dir='ltr'><strong>utilitas</strong></span> <span class='ocrx_word' id='word_1_29' title='bbox 457 941 551 1013; x_wconf 84' lang='lat' dir='ltr'><strong>facile</strong></span> <span class='ocrx_word' id='word_1_30' title='bbox 568 946 741 1032; x_wconf 89' lang='lat' dir='ltr'><strong>comparari</strong></span> <span class='ocrx_word' id='word_1_31' title='bbox 763 948 854 1032; x_wconf 87' lang='lat' dir='ltr'><strong>possit</strong></span> <span class='ocrx_word' id='word_1_32' title='bbox 874 996 882 1014; x_wconf 90' lang='lat'><strong><em>.</em></strong></span> <span class='ocrx_word' id='word_1_33' title='bbox 907 952 993 1016; x_wconf 85' lang='lat' dir='ltr'><strong>Corn</strong></span> <span class='ocrx_word' id='word_1_34' title='bbox 1011 971 1044 1016; x_wconf 91' lang='lat' dir='ltr'><strong>e-</strong></span> 
     </span>
     <span class='ocr_line' id='line_1_7' title="bbox 176 1030 1044 1124; baseline -0.001 -21"><span class='ocrx_word' id='word_1_35' title='bbox 176 1037 242 1103; x_wconf 88' lang='lat' dir='ltr'><strong>nim</strong></span> <span class='ocrx_word' id='word_1_36' title='bbox 258 1035 350 1116; x_wconf 86' lang='lat' dir='ltr'><strong>hujus</strong></span> <span class='ocrx_word' id='word_1_37' title='bbox 370 1030 533 1104; x_wconf 84' lang='lat' dir='ltr'><strong>facultatis</strong></span> <span class='ocrx_word' id='word_1_38' title='bbox 553 1053 667 1100; x_wconf 91' lang='lat' dir='ltr'><strong>munus</strong></span> <span class='ocrx_word' id='word_1_39' title='bbox 684 1031 721 1102; x_wconf 90' lang='lat' dir='ltr'><strong>sit</strong></span> <span class='ocrx_word' id='word_1_40' title='bbox 740 1033 872 1116; x_wconf 89' lang='lat' dir='ltr'><strong>docere,</strong></span> <span class='ocrx_word' id='word_1_41' title='bbox 892 1034 968 1124; x_wconf 92' lang='lat' dir='ltr'><strong>quid</strong></span> <span class='ocrx_word' id='word_1_42' title='bbox 977 1057 1044 1104; x_wconf 85' lang='lat' dir='ltr'><strong>cer·</strong></span> 
     </span>
     <span class='ocr_line' id='line_1_8' title="bbox 178 1118 1043 1218; baseline -0.003 -26"><span class='ocrx_word' id='word_1_43' title='bbox 178 1143 212 1196; x_wconf 90' lang='lat' dir='ltr'><strong>to</strong></span> <span class='ocrx_word' id='word_1_44' title='bbox 229 1123 343 1204; x_wconf 90' lang='lat' dir='ltr'><strong>liceat,</strong></span> <span class='ocrx_word' id='word_1_45' title='bbox 365 1119 481 1211; x_wconf 88' lang='lat' dir='ltr'><strong>quidve</strong></span> <span class='ocrx_word' id='word_1_46' title='bbox 499 1141 565 1218; x_wconf 69' lang='lat' dir='ltr'><strong>sion</strong></span> <span class='ocrx_word' id='word_1_47' title='bbox 585 1118 701 1202; x_wconf 87' lang='lat' dir='ltr'><strong>liceat,</strong></span> <span class='ocrx_word' id='word_1_48' title='bbox 724 1119 785 1195; x_wconf 84' lang='lat' dir='ltr'><strong>hoc</strong></span> <span class='ocrx_word' id='word_1_49' title='bbox 803 1121 893 1193; x_wconf 90' lang='lat' dir='ltr'><strong>nullo</strong></span> <span class='ocrx_word' id='word_1_50' title='bbox 911 1122 1043 1210; x_wconf 82' lang='lat' dir='ltr'><strong>negorio</strong></span> 
     </span>
     <span class='ocr_line' id='line_1_9' title="bbox 179 1206 1042 1296; baseline -0.002 -18"><span class='ocrx_word' id='word_1_51' title='bbox 179 1209 317 1279; x_wconf 84' lang='lat' dir='ltr'><strong>obtineri</strong></span> <span class='ocrx_word' id='word_1_52' title='bbox 335 1207 460 1296; x_wconf 91' lang='lat' dir='ltr'><strong>potest,</strong></span> <span class='ocrx_word' id='word_1_53' title='bbox 489 1207 512 1273; x_wconf 86' lang='lat' dir='ltr'><strong>li</strong></span> <span class='ocrx_word' id='word_1_54' title='bbox 530 1206 612 1295; x_wconf 90' lang='lat' dir='ltr'><strong>quod</strong></span> <span class='ocrx_word' id='word_1_55' title='bbox 629 1207 667 1280; x_wconf 88' lang='lat' dir='ltr'><strong>ad</strong></span> <span class='ocrx_word' id='word_1_56' title='bbox 684 1230 732 1278; x_wconf 87' lang='lat' dir='ltr'><strong>res</strong></span> <span class='ocrx_word' id='word_1_57' title='bbox 748 1208 899 1282; x_wconf 67' lang='lat' dir='ltr'><strong>hasiensis</strong></span> <span class='ocrx_word' id='word_1_58' title='bbox 916 1209 979 1290; x_wconf 80' lang='lat' dir='ltr'><strong>iarn</strong></span> <span class='ocrx_word' id='word_1_59' title='bbox 998 1209 1015 1279; x_wconf 93' lang='lat' dir='ltr'><strong>s</strong></span> <span class='ocrx_word' id='word_1_60' title='bbox 1028 1247 1042 1264; x_wconf 89' lang='lat'><strong>·</strong></span> 
     </span>
     <span class='ocr_line' id='line_1_10' title="bbox 177 1292 1045 1448; baseline -0.006 -80"><span class='ocrx_word' id='word_1_61' title='bbox 177 1298 220 1371; x_wconf 83' lang='lat' dir='ltr'><strong>-tis</strong></span> <span class='ocrx_word' id='word_1_62' title='bbox 237 1296 452 1378; x_wconf 82' lang='lat' dir='ltr'><strong>examinatas,</strong></span> <span class='ocrx_word' id='word_1_63' title='bbox 469 1312 565 1448; x_wconf 66' lang='lat' dir='ltr'><strong>atpue</strong></span> <span class='ocrx_word' id='word_1_64' title='bbox 581 1292 723 1392; x_wconf 81' lang='lat' dir='ltr'><strong>discussas</strong></span> <span class='ocrx_word' id='word_1_65' title='bbox 747 1296 867 1369; x_wconf 86' lang='lat' dir='ltr'><strong>attinet</strong></span> <span class='ocrx_word' id='word_1_66' title='bbox 885 1344 896 1384; x_wconf 84' lang='lat'>‚</span> <span class='ocrx_word' id='word_1_67' title='bbox 918 1296 1045 1367; x_wconf 86' lang='lat' dir='ltr'><strong>statutis</strong></span> 
     </span>
    </p>

    <p class='ocr_par' dir='ltr' id='par_1_4' title="bbox 199 1380 1044 1467">
     <span class='ocr_line' id='line_1_11' title="bbox 199 1380 1044 1467; baseline -0.002 -15"><span class='ocrx_word' id='word_1_68' title='bbox 199 1385 286 1467; x_wconf 86' lang='lat' dir='ltr'><strong>rins,</strong></span> <span class='ocrx_word' id='word_1_69' title='bbox 318 1405 357 1454; x_wconf 80' lang='lat' dir='ltr'><strong>eis</strong></span> <span class='ocrx_word' id='word_1_70' title='bbox 373 1402 488 1454; x_wconf 90' lang='lat' dir='ltr'><strong>mutua</strong></span> <span class='ocrx_word' id='word_1_71' title='bbox 529 1380 804 1467; x_wconf 81' lang='lat' dir='ltr'><strong>robabrlislarum,</strong></span> <span class='ocrx_word' id='word_1_72' title='bbox 835 1408 872 1452; x_wconf 84' lang='lat' dir='ltr'><strong>ac</strong></span> <span class='ocrx_word' id='word_1_73' title='bbox 895 1383 1044 1456; x_wconf 84' lang='lat' dir='ltr'><strong>Probabi-</strong></span> 
     </span>
    </p>

    <p class='ocr_par' dir='ltr' id='par_1_5' title="bbox 143 1411 1053 2340">
     <span class='ocr_line' id='line_1_12' title="bbox 179 1411 1046 1560; baseline -0.007 -17"><span class='ocrx_word' id='word_1_74' title='bbox 179 1411 372 1543; x_wconf 79' lang='lat' dir='ltr'><strong>iioristaium</strong></span> <span class='ocrx_word' id='word_1_75' title='bbox 396 1467 625 1553; x_wconf 74' lang='lat' dir='ltr'><strong>consensione,</strong></span> <span class='ocrx_word' id='word_1_76' title='bbox 655 1469 739 1543; x_wconf 82' lang='lat' dir='ltr'><strong>veris</strong></span> <span class='ocrx_word' id='word_1_77' title='bbox 765 1471 922 1560; x_wconf 86' lang='lat' dir='ltr'><strong>certisque</strong></span> <span class='ocrx_word' id='word_1_78' title='bbox 950 1469 1046 1538; x_wconf 79' lang='lat' dir='ltr'><strong>soori-</strong></span> 
     </span>
     <span class='ocr_line' id='line_1_13' title="bbox 179 1556 1050 1642; baseline -0.002 -13"><span class='ocrx_word' id='word_1_79' title='bbox 179 1560 253 1642; x_wconf 88' lang='lat' dir='ltr'><strong>bus,</strong></span> <span class='ocrx_word' id='word_1_80' title='bbox 276 1559 337 1625; x_wconf 88' lang='lat' dir='ltr'><strong>hoc</strong></span> <span class='ocrx_word' id='word_1_81' title='bbox 354 1557 399 1625; x_wconf 89' lang='lat' dir='ltr'><strong>est</strong></span> <span class='ocrx_word' id='word_1_82' title='bbox 416 1556 626 1641; x_wconf 67' lang='lat' dir='ltr'><strong>nonoribus,</strong></span> <span class='ocrx_word' id='word_1_83' title='bbox 660 1557 743 1626; x_wconf 89' lang='lat' dir='ltr'><strong>unde</strong></span> <span class='ocrx_word' id='word_1_84' title='bbox 760 1581 836 1630; x_wconf 83' lang='lat' dir='ltr'><strong>vere</strong></span> <span class='ocrx_word' id='word_1_85' title='bbox 855 1607 866 1642; x_wconf 88' lang='lat'><strong>,</strong></span> <span class='ocrx_word' id='word_1_86' title='bbox 896 1581 932 1627; x_wconf 89' lang='lat' dir='ltr'><strong>ac</strong></span> <span class='ocrx_word' id='word_1_87' title='bbox 950 1557 1050 1627; x_wconf 86' lang='lat' dir='ltr'><strong>solida</strong></span> 
     </span>
     <span class='ocr_line' id='line_1_14' title="bbox 182 1642 1049 1735; baseline 0.001 -24"><span class='ocrx_word' id='word_1_88' title='bbox 182 1644 386 1735; x_wconf 85' lang='lat' dir='ltr'><strong>probabilitas</strong></span> <span class='ocrx_word' id='word_1_89' title='bbox 411 1661 501 1713; x_wconf 86' lang='lat' dir='ltr'><strong>certo</strong></span> <span class='ocrx_word' id='word_1_90' title='bbox 527 1642 649 1717; x_wconf 86' lang='lat' dir='ltr'><strong>hauriri</strong></span> <span class='ocrx_word' id='word_1_91' title='bbox 673 1645 793 1735; x_wconf 78' lang='lat' dir='ltr'><strong>possit,</strong></span> <span class='ocrx_word' id='word_1_92' title='bbox 833 1647 939 1733; x_wconf 88' lang='lat' dir='ltr'><strong>ptimo</strong></span> <span class='ocrx_word' id='word_1_93' title='bbox 963 1665 1049 1716; x_wconf 87' lang='lat' dir='ltr'><strong>certa</strong></span> 
     </span>
     <span class='ocr_line' id='line_1_15' title="bbox 169 1727 1051 1823; baseline -0.005 -21"><span class='ocrx_word' id='word_1_94' title='bbox 169 1727 329 1820; x_wconf 70' lang='lat' dir='ltr'><strong>,qualibet</strong></span> <span class='ocrx_word' id='word_1_95' title='bbox 346 1729 381 1797; x_wconf 91' lang='lat' dir='ltr'><strong>io</strong></span> <span class='ocrx_word' id='word_1_96' title='bbox 399 1748 585 1823; x_wconf 83' lang='lat' dir='ltr'><strong>unaquaque</strong></span> <span class='ocrx_word' id='word_1_97' title='bbox 602 1732 737 1803; x_wconf 86' lang='lat' dir='ltr'><strong>materia</strong></span> <span class='ocrx_word' id='word_1_98' title='bbox 754 1751 912 1818; x_wconf 86' lang='lat' dir='ltr'><strong>ponantur</strong></span> <span class='ocrx_word' id='word_1_99' title='bbox 929 1781 939 1818; x_wconf 91' lang='lat'>‚</span> <span class='ocrx_word' id='word_1_100' title='bbox 962 1732 1051 1804; x_wconf 85' lang='lat' dir='ltr'><strong>dein-</strong></span> 
     </span>
     <span class='ocr_line' id='line_1_16' title="bbox 179 1812 1050 1910; baseline -0.002 -22"><span class='ocrx_word' id='word_1_101' title='bbox 179 1826 217 1888; x_wconf 88' lang='lat' dir='ltr'><strong>de</strong></span> <span class='ocrx_word' id='word_1_102' title='bbox 233 1836 344 1884; x_wconf 83' lang='lat' dir='ltr'><strong>omncs</strong></span> <span class='ocrx_word' id='word_1_103' title='bbox 361 1812 524 1909; x_wconf 80' lang='lat' dir='ltr'><strong>sententiae</strong></span> <span class='ocrx_word' id='word_1_104' title='bbox 542 1829 631 1880; x_wconf 90' lang='lat' dir='ltr'><strong>certo</strong></span> <span class='ocrx_word' id='word_1_105' title='bbox 647 1817 821 1910; x_wconf 88' lang='lat' dir='ltr'><strong>probabiles</strong></span> <span class='ocrx_word' id='word_1_106' title='bbox 847 1819 993 1890; x_wconf 70' lang='lat' dir='ltr'><strong>fatientes</strong></span> <span class='ocrx_word' id='word_1_107' title='bbox 1011 1818 1050 1887; x_wconf 85' lang='lat' dir='ltr'><strong>li·</strong></span> 
     </span>
     <span class='ocr_line' id='line_1_17' title="bbox 181 1897 1050 1986; baseline -0.006 -10"><span class='ocrx_word' id='word_1_108' title='bbox 181 1902 297 1976; x_wconf 89' lang='lat' dir='ltr'><strong>bertati</strong></span> <span class='ocrx_word' id='word_1_109' title='bbox 314 1922 353 1970; x_wconf 84' lang='lat' dir='ltr'><strong>eis</strong></span> <span class='ocrx_word' id='word_1_110' title='bbox 370 1897 507 1986; x_wconf 51' lang='lat' dir='ltr'><strong>smgusis,</strong></span> <span class='ocrx_word' id='word_1_111' title='bbox 524 1900 714 1973; x_wconf 74' lang='lat' dir='ltr'><strong>Dieroribns</strong></span> <span class='ocrx_word' id='word_1_112' title='bbox 736 1905 844 1974; x_wconf 69' lang='lat' dir='ltr'><strong>exiere</strong></span> <span class='ocrx_word' id='word_1_113' title='bbox 862 1951 872 1986; x_wconf 95' lang='lat'><strong>,</strong></span> <span class='ocrx_word' id='word_1_114' title='bbox 895 1929 931 1976; x_wconf 88' lang='lat' dir='ltr'><strong>ac</strong></span> <span class='ocrx_word' id='word_1_115' title='bbox 948 1905 1050 1976; x_wconf 86' lang='lat' dir='ltr'><strong>fideli-</strong></span> 
     </span>
     <span class='ocr_line' id='line_1_18' title="bbox 172 1985 1053 2080; baseline -0.005 -20"><span class='ocrx_word' id='word_1_116' title='bbox 172 2010 231 2062; x_wconf 82' lang='lat' dir='ltr'><strong>ter</strong></span> <span class='ocrx_word' id='word_1_117' title='bbox 252 1989 464 2080; x_wconf 78' lang='lat' dir='ltr'><strong>colligantur,</strong></span> <span class='ocrx_word' id='word_1_118' title='bbox 484 1985 576 2068; x_wconf 89' lang='lat' dir='ltr'><strong>(hoc</strong></span> <span class='ocrx_word' id='word_1_119' title='bbox 598 1987 662 2068; x_wconf 85' lang='lat' dir='ltr'><strong>jam</strong></span> <span class='ocrx_word' id='word_1_120' title='bbox 686 1985 896 2057; x_wconf 87' lang='lat' dir='ltr'><strong>secitMendo</strong></span> <span class='ocrx_word' id='word_1_121' title='bbox 921 1989 956 2056; x_wconf 88' lang='lat' dir='ltr'><strong>iii</strong></span> <span class='ocrx_word' id='word_1_122' title='bbox 977 1991 1053 2076; x_wconf 80' lang='lat' dir='ltr'><strong>Epi-</strong></span> 
     </span>
     <span class='ocr_line' id='line_1_19' title="bbox 183 2071 1053 2168; baseline -0.007 -20"><span class='ocrx_word' id='word_1_123' title='bbox 183 2096 274 2150; x_wconf 86' lang='lat' dir='ltr'><strong>tome</strong></span> <span class='ocrx_word' id='word_1_124' title='bbox 299 2075 502 2168; x_wconf 88' lang='lat' dir='ltr'><strong>Opinionum</strong></span> <span class='ocrx_word' id='word_1_125' title='bbox 527 2071 771 2158; x_wconf 84' lang='lat' dir='ltr'><strong>Probabisium,</strong></span> <span class='ocrx_word' id='word_1_126' title='bbox 803 2099 882 2147; x_wconf 89' lang='lat' dir='ltr'><strong>nuin</strong></span> <span class='ocrx_word' id='word_1_127' title='bbox 897 2075 973 2149; x_wconf 86' lang='lat' dir='ltr'><strong>satis</strong></span> <span class='ocrx_word' id='word_1_128' title='bbox 995 2099 1053 2162; x_wconf 84' lang='lat' dir='ltr'><strong>pro</strong></span> 
     </span>
     <span class='ocr_line' id='line_1_20' title="bbox 183 2162 1053 2255; baseline -0.007 -19"><span class='ocrx_word' id='word_1_129' title='bbox 183 2164 420 2255; x_wconf 67' lang='lat' dir='ltr'><strong>indignitate,</strong></span> <span class='ocrx_word' id='word_1_130' title='bbox 442 2185 478 2237; x_wconf 85' lang='lat' dir='ltr'><strong>ac</strong></span> <span class='ocrx_word' id='word_1_131' title='bbox 497 2162 699 2248; x_wconf 86' lang='lat' dir='ltr'><strong>necessitate,</strong></span> <span class='ocrx_word' id='word_1_132' title='bbox 720 2163 855 2246; x_wconf 84' lang='lat' dir='ltr'><strong>judicare</strong></span> <span class='ocrx_word' id='word_1_133' title='bbox 872 2163 970 2237; x_wconf 91' lang='lat' dir='ltr'><strong>modo</strong></span> <span class='ocrx_word' id='word_1_134' title='bbox 985 2186 1053 2232; x_wconf 90' lang='lat' dir='ltr'><strong>non</strong></span> 
     </span>
     <span class='ocr_line' id='line_1_21' title="bbox 143 2249 1053 2340; baseline 0.001 -21"><span class='ocrx_word' id='word_1_135' title='bbox 143 2297 145 2301; x_wconf 63' lang='grc'><strong><em>«</em></strong></span> <span class='ocrx_word' id='word_1_136' title='bbox 185 2249 312 2334; x_wconf 86' lang='lat' dir='ltr'><strong>refert)</strong></span> <span class='ocrx_word' id='word_1_137' title='bbox 334 2249 458 2334; x_wconf 74' lang='lat' dir='ltr'><strong>adjeelis</strong></span> <span class='ocrx_word' id='word_1_138' title='bbox 484 2250 593 2337; x_wconf 85' lang='lat' dir='ltr'><strong>unioni</strong></span> <span class='ocrx_word' id='word_1_139' title='bbox 616 2250 809 2326; x_wconf 84' lang='lat' dir='ltr'><strong>uebreviter</strong></span> <span class='ocrx_word' id='word_1_140' title='bbox 840 2251 901 2320; x_wconf 89' lang='lat' dir='ltr'><strong>suis</strong></span> <span class='ocrx_word' id='word_1_141' title='bbox 918 2250 1053 2340; x_wconf 87' lang='lat' dir='ltr'><strong>potiori·</strong></span> 
     </span>
    </p>

    <p class='ocr_par' dir='ltr' id='par_1_6' title="bbox 183 2273 1067 3556">
     <span class='ocr_line' id='line_1_22' title="bbox 188 2273 1055 2427; baseline -0.008 -16"><span class='ocrx_word' id='word_1_142' title='bbox 188 2342 245 2411; x_wconf 87' lang='lat' dir='ltr'><strong>bus</strong></span> <span class='ocrx_word' id='word_1_143' title='bbox 263 2338 477 2406; x_wconf 87' lang='lat' dir='ltr'><strong>fundamentis</strong></span> <span class='ocrx_word' id='word_1_144' title='bbox 495 2364 503 2407; x_wconf 71' lang='lat' dir='ltr'><strong>a</strong></span> <span class='ocrx_word' id='word_1_145' title='bbox 526 2273 613 2427; x_wconf 85' lang='lat' dir='ltr'><strong>quod</strong></span> <span class='ocrx_word' id='word_1_146' title='bbox 627 2361 702 2406; x_wconf 89' lang='lat' dir='ltr'><strong>vero</strong></span> <span class='ocrx_word' id='word_1_147' title='bbox 718 2341 757 2406; x_wconf 93' lang='lat' dir='ltr'><strong>ad</strong></span> <span class='ocrx_word' id='word_1_148' title='bbox 782 2364 838 2408; x_wconf 82' lang='lat' dir='ltr'><strong>res</strong></span> <span class='ocrx_word' id='word_1_149' title='bbox 856 2340 893 2425; x_wconf 86' lang='lat' dir='ltr'><strong>de</strong></span> <span class='ocrx_word' id='word_1_150' title='bbox 910 2364 997 2409; x_wconf 87' lang='lat' dir='ltr'><strong>novo</strong></span> <span class='ocrx_word' id='word_1_151' title='bbox 1019 2337 1055 2404; x_wconf 90' lang='lat' dir='ltr'><strong>in</strong></span> 
     </span>
     <span class='ocr_line' id='line_1_23' title="bbox 186 2422 1055 2513; baseline 0 -21"><span class='ocrx_word' id='word_1_152' title='bbox 186 2428 253 2498; x_wconf 85' lang='lat' dir='ltr'><strong>dies</strong></span> <span class='ocrx_word' id='word_1_153' title='bbox 276 2444 498 2512; x_wconf 74' lang='lat' dir='ltr'><strong>emergentes,</strong></span> <span class='ocrx_word' id='word_1_154' title='bbox 519 2447 556 2494; x_wconf 89' lang='lat' dir='ltr'><strong>ac</strong></span> <span class='ocrx_word' id='word_1_155' title='bbox 574 2422 646 2497; x_wconf 84' lang='lat' dir='ltr'><strong>satis</strong></span> <span class='ocrx_word' id='word_1_156' title='bbox 663 2427 807 2500; x_wconf 88' lang='lat' dir='ltr'><strong>nondum</strong></span> <span class='ocrx_word' id='word_1_157' title='bbox 823 2425 964 2499; x_wconf 83' lang='lat' dir='ltr'><strong>discussas</strong></span> <span class='ocrx_word' id='word_1_158' title='bbox 986 2448 1055 2513; x_wconf 91' lang='lat' dir='ltr'><strong>per-</strong></span> 
     </span>
     <span class='ocr_line' id='line_1_24' title="bbox 183 2511 1056 2611; baseline -0.008 -26"><span class='ocrx_word' id='word_1_159' title='bbox 183 2514 295 2596; x_wconf 88' lang='lat' dir='ltr'><strong>tinet,</strong></span> <span class='ocrx_word' id='word_1_160' title='bbox 318 2512 340 2580; x_wconf 89' lang='lat' dir='ltr'><strong>si</strong></span> <span class='ocrx_word' id='word_1_161' title='bbox 357 2511 483 2582; x_wconf 88' lang='lat' dir='ltr'><strong>collatis</strong></span> <span class='ocrx_word' id='word_1_162' title='bbox 498 2529 613 2586; x_wconf 89' lang='lat' dir='ltr'><strong>mutuo</strong></span> <span class='ocrx_word' id='word_1_163' title='bbox 629 2513 756 2585; x_wconf 83' lang='lat' dir='ltr'><strong>auxiliis</strong></span> <span class='ocrx_word' id='word_1_164' title='bbox 773 2563 784 2598; x_wconf 87' lang='lat'>‚</span> <span class='ocrx_word' id='word_1_165' title='bbox 812 2514 983 2602; x_wconf 88' lang='lat' dir='ltr'><strong>opiniones</strong></span> <span class='ocrx_word' id='word_1_166' title='bbox 1001 2534 1056 2611; x_wconf 87' lang='lat' dir='ltr'><strong>per</strong></span> 
     </span>
     <span class='ocr_line' id='line_1_25' title="bbox 185 2599 1055 2688; baseline -0.001 -20"><span class='ocrx_word' id='word_1_167' title='bbox 185 2602 331 2676; x_wconf 66' lang='lat' dir='ltr'><strong>exaesam</strong></span> <span class='ocrx_word' id='word_1_168' title='bbox 346 2600 566 2673; x_wconf 87' lang='lat' dir='ltr'><strong>discussionem</strong></span> <span class='ocrx_word' id='word_1_169' title='bbox 582 2645 593 2686; x_wconf 87' lang='lat'>‚</span> <span class='ocrx_word' id='word_1_170' title='bbox 623 2600 675 2670; x_wconf 87' lang='lat' dir='ltr'><strong>vel</strong></span> <span class='ocrx_word' id='word_1_171' title='bbox 692 2603 731 2668; x_wconf 93' lang='lat' dir='ltr'><strong>ad</strong></span> <span class='ocrx_word' id='word_1_172' title='bbox 749 2621 869 2675; x_wconf 82' lang='lat' dir='ltr'><strong>certam</strong></span> <span class='ocrx_word' id='word_1_173' title='bbox 886 2599 1055 2688; x_wconf 85' lang='lat' dir='ltr'><strong>probabili·</strong></span> 
     </span>
     <span class='ocr_line' id='line_1_26' title="bbox 184 2685 1057 2775; baseline -0.003 -20"><span class='ocrx_word' id='word_1_174' title='bbox 184 2707 290 2764; x_wconf 87' lang='lat' dir='ltr'><strong>tatem</strong></span> <span class='ocrx_word' id='word_1_175' title='bbox 307 2707 578 2775; x_wconf 83' lang='lat' dir='ltr'><strong>promoveantur,</strong></span> <span class='ocrx_word' id='word_1_176' title='bbox 609 2686 662 2755; x_wconf 87' lang='lat' dir='ltr'><strong>vel</strong></span> <span class='ocrx_word' id='word_1_177' title='bbox 680 2709 720 2757; x_wconf 85' lang='lat' dir='ltr'><strong>ex</strong></span> <span class='ocrx_word' id='word_1_178' title='bbox 736 2689 809 2761; x_wconf 93' lang='lat' dir='ltr'><strong>albo</strong></span> <span class='ocrx_word' id='word_1_179' title='bbox 847 2685 1057 2757; x_wconf 84' lang='lat' dir='ltr'><strong>rob-abilitatis</strong></span> 
     </span>
     <span class='ocr_line' id='line_1_27' title="bbox 189 2712 1055 2862; baseline -0.009 -14"><span class='ocrx_word' id='word_1_180' title='bbox 189 2793 413 2862; x_wconf 78' lang='lat' dir='ltr'><strong>expungantur</strong></span> <span class='ocrx_word' id='word_1_181' title='bbox 434 2825 443 2841; x_wconf 90' lang='lat'><strong>.</strong></span> <span class='ocrx_word' id='word_1_182' title='bbox 476 2778 549 2850; x_wconf 81' lang='lat' dir='ltr'><strong>Hoc</strong></span> <span class='ocrx_word' id='word_1_183' title='bbox 568 2774 807 2858; x_wconf 74' lang='lat' dir='ltr'><strong>paetoMoralis</strong></span> <span class='ocrx_word' id='word_1_184' title='bbox 825 2712 946 2858; x_wconf 75' lang='lat' dir='ltr'><strong>iolidae,</strong></span> <span class='ocrx_word' id='word_1_185' title='bbox 979 2796 1055 2846; x_wconf 91' lang='lat' dir='ltr'><strong>con-</strong></span> 
     </span>
     <span class='ocr_line' id='line_1_28' title="bbox 186 2862 1058 2948; baseline -0.008 -15"><span class='ocrx_word' id='word_1_186' title='bbox 186 2863 323 2945; x_wconf 85' lang='lat' dir='ltr'><strong>stantis,</strong></span> <span class='ocrx_word' id='word_1_187' title='bbox 346 2863 472 2944; x_wconf 79' lang='lat' dir='ltr'><strong>firmae,</strong></span> <span class='ocrx_word' id='word_1_188' title='bbox 503 2862 641 2946; x_wconf 75' lang='lat' dir='ltr'><strong>securae,</strong></span> <span class='ocrx_word' id='word_1_189' title='bbox 671 2883 764 2933; x_wconf 79' lang='lat' dir='ltr'><strong>ccttae</strong></span> <span class='ocrx_word' id='word_1_190' title='bbox 787 2865 910 2948; x_wconf 88' lang='lat' dir='ltr'><strong>Corpus</strong></span> <span class='ocrx_word' id='word_1_191' title='bbox 935 2862 1058 2940; x_wconf 87' lang='lat' dir='ltr'><strong>breve,</strong></span> 
     </span>
     <span class='ocr_line' id='line_1_29' title="bbox 187 2945 1055 3039; baseline -0.007 -21"><span class='ocrx_word' id='word_1_192' title='bbox 187 2951 403 3034; x_wconf 68' lang='lat' dir='ltr'><strong>suceinsium,</strong></span> <span class='ocrx_word' id='word_1_193' title='bbox 435 2951 642 3039; x_wconf 85' lang='lat' dir='ltr'><strong>expeditum,</strong></span> <span class='ocrx_word' id='word_1_194' title='bbox 672 2975 709 3018; x_wconf 90' lang='lat' dir='ltr'><strong>ac</strong></span> <span class='ocrx_word' id='word_1_195' title='bbox 733 2949 873 3018; x_wconf 88' lang='lat' dir='ltr'><strong>numeris</strong></span> <span class='ocrx_word' id='word_1_196' title='bbox 905 2945 1055 3014; x_wconf 86' lang='lat' dir='ltr'><strong>omnibus</strong></span> 
     </span>
     <span class='ocr_line' id='line_1_30' title="bbox 187 3030 1059 3124; baseline -0.009 -18"><span class='ocrx_word' id='word_1_197' title='bbox 187 3035 369 3109; x_wconf 86' lang='lat' dir='ltr'><strong>absolutum</strong></span> <span class='ocrx_word' id='word_1_198' title='bbox 391 3038 498 3109; x_wconf 87' lang='lat' dir='ltr'><strong>haberi</strong></span> <span class='ocrx_word' id='word_1_199' title='bbox 517 3037 609 3111; x_wconf 87' lang='lat' dir='ltr'><strong>sacilc</strong></span> <span class='ocrx_word' id='word_1_200' title='bbox 629 3036 747 3124; x_wconf 83' lang='lat' dir='ltr'><strong>potest.</strong></span> <span class='ocrx_word' id='word_1_201' title='bbox 777 3037 882 3118; x_wconf 86' lang='lat' dir='ltr'><strong>Atque</strong></span> <span class='ocrx_word' id='word_1_202' title='bbox 899 3030 961 3100; x_wconf 90' lang='lat' dir='ltr'><strong>hoc</strong></span> <span class='ocrx_word' id='word_1_203' title='bbox 1004 3055 1059 3099; x_wconf 82' lang='lat' dir='ltr'><strong>rae-</strong></span> 
     </span>
     <span class='ocr_line' id='line_1_31' title="bbox 188 3055 1060 3218; baseline -0.008 -27"><span class='ocrx_word' id='word_1_204' title='bbox 188 3125 250 3195; x_wconf 85' lang='lat' dir='ltr'><strong>stat</strong></span> <span class='ocrx_word' id='word_1_205' title='bbox 269 3125 390 3216; x_wconf 85' lang='lat' dir='ltr'><strong>magis,</strong></span> <span class='ocrx_word' id='word_1_206' title='bbox 411 3145 511 3218; x_wconf 87' lang='lat' dir='ltr'><strong>quam</strong></span> <span class='ocrx_word' id='word_1_207' title='bbox 528 3144 659 3196; x_wconf 82' lang='lat' dir='ltr'><strong>aeternas</strong></span> <span class='ocrx_word' id='word_1_208' title='bbox 685 3122 724 3189; x_wconf 89' lang='lat' dir='ltr'><strong>de</strong></span> <span class='ocrx_word' id='word_1_209' title='bbox 743 3055 1060 3215; x_wconf 78' lang='lat' dir='ltr'><strong>Probabilil&#39;moiitee</strong></span> 
     </span>
     <span class='ocr_line' id='line_1_32' title="bbox 190 3205 1059 3299; baseline -0.012 -19"><span class='ocrx_word' id='word_1_210' title='bbox 190 3211 318 3297; x_wconf 87' lang='lat' dir='ltr'><strong>serere,</strong></span> <span class='ocrx_word' id='word_1_211' title='bbox 347 3210 504 3299; x_wconf 70' lang='lat' dir='ltr'><strong>produslis</strong></span> <span class='ocrx_word' id='word_1_212' title='bbox 525 3211 564 3281; x_wconf 86' lang='lat' dir='ltr'><strong>ad</strong></span> <span class='ocrx_word' id='word_1_213' title='bbox 581 3209 729 3278; x_wconf 90' lang='lat' dir='ltr'><strong>nauseam</strong></span> <span class='ocrx_word' id='word_1_214' title='bbox 746 3205 902 3292; x_wconf 81' lang='lat' dir='ltr'><strong>Operibus</strong></span> <span class='ocrx_word' id='word_1_215' title='bbox 935 3224 1059 3294; x_wconf 84' lang='lat' dir='ltr'><strong>tempos</strong></span> 
     </span>
     <span class='ocr_line' id='line_1_33' title="bbox 191 3291 1063 3382; baseline -0.01 -15"><span class='ocrx_word' id='word_1_216' title='bbox 191 3297 400 3382; x_wconf 80' lang='lat' dir='ltr'><strong>consumere,</strong></span> <span class='ocrx_word' id='word_1_217' title='bbox 422 3298 452 3368; x_wconf 90' lang='lat' dir='ltr'><strong>se</strong></span> <span class='ocrx_word' id='word_1_218' title='bbox 469 3316 584 3364; x_wconf 91' lang='lat' dir='ltr'><strong>mutuo</strong></span> <span class='ocrx_word' id='word_1_219' title='bbox 600 3319 675 3365; x_wconf 90' lang='lat' dir='ltr'><strong>cum</strong></span> <span class='ocrx_word' id='word_1_220' title='bbox 684 3291 829 3363; x_wconf 89' lang='lat' dir='ltr'><strong>fidelium</strong></span> <span class='ocrx_word' id='word_1_221' title='bbox 841 3291 983 3361; x_wconf 85' lang='lat' dir='ltr'><strong>scandalo</strong></span> <span class='ocrx_word' id='word_1_222' title='bbox 1013 3315 1063 3358; x_wconf 87' lang='lat' dir='ltr'><strong>ro·</strong></span> 
     </span>
     <span class='ocr_line' id='line_1_34' title="bbox 191 3380 1064 3474; baseline -0.008 -21"><span class='ocrx_word' id='word_1_223' title='bbox 191 3383 351 3466; x_wconf 86' lang='lat' dir='ltr'><strong>scindere,</strong></span> <span class='ocrx_word' id='word_1_224' title='bbox 375 3403 469 3474; x_wconf 87' lang='lat' dir='ltr'><strong>atque</strong></span> <span class='ocrx_word' id='word_1_225' title='bbox 479 3384 600 3452; x_wconf 87' lang='lat' dir='ltr'><strong>Orbem</strong></span> <span class='ocrx_word' id='word_1_226' title='bbox 610 3380 803 3450; x_wconf 86' lang='lat' dir='ltr'><strong>clamoribus</strong></span> <span class='ocrx_word' id='word_1_227' title='bbox 817 3381 968 3468; x_wconf 88' lang='lat' dir='ltr'><strong>implere.</strong></span> <span class='ocrx_word' id='word_1_228' title='bbox 1004 3401 1064 3446; x_wconf 39' lang='lat' dir='ltr'><strong>,oc</strong></span> 
     </span>
     <span class='ocr_line' id='line_1_35' title="bbox 192 3464 1067 3556; baseline -0.002 -20"><span class='ocrx_word' id='word_1_229' title='bbox 192 3469 408 3554; x_wconf 84' lang='lat' dir='ltr'><strong>Confessariis,</strong></span> <span class='ocrx_word' id='word_1_230' title='bbox 417 3471 537 3543; x_wconf 66' lang='lat' dir='ltr'><strong>cuneiis</strong></span> <span class='ocrx_word' id='word_1_231' title='bbox 546 3469 692 3540; x_wconf 86' lang='lat' dir='ltr'><strong>fidelibus</strong></span> <span class='ocrx_word' id='word_1_232' title='bbox 700 3465 781 3556; x_wconf 81' lang='lat' dir='ltr'><strong>ipsis,</strong></span> <span class='ocrx_word' id='word_1_233' title='bbox 790 3469 852 3537; x_wconf 90' lang='lat' dir='ltr'><strong>toti</strong></span> <span class='ocrx_word' id='word_1_234' title='bbox 863 3465 1000 3555; x_wconf 90' lang='lat' dir='ltr'><strong>denique</strong></span> <span class='ocrx_word' id='word_1_235' title='bbox 1010 3464 1067 3534; x_wconf 80' lang='lat' dir='ltr'><strong>Ec·</strong></span> 
     </span>
    </p>
   </div>
   <div class='ocr_carea' id='block_1_3' title="bbox 194 3551 1050 3706">
    <p class='ocr_par' dir='ltr' id='par_1_7' title="bbox 194 3551 1050 3706">
     <span class='ocr_line' id='line_1_36' title="bbox 194 3551 1050 3706; baseline -0.013 -77"><span class='ocrx_word' id='word_1_236' title='bbox 194 3556 294 3681; x_wconf 82' lang='lat' dir='ltr'><strong>clesiae</strong></span> <span class='ocrx_word' id='word_1_237' title='bbox 311 3557 433 3627; x_wconf 90' lang='lat' dir='ltr'><strong>nedum</strong></span> <span class='ocrx_word' id='word_1_238' title='bbox 443 3558 543 3645; x_wconf 87' lang='lat' dir='ltr'><strong>utile,</strong></span> <span class='ocrx_word' id='word_1_239' title='bbox 560 3557 717 3630; x_wconf 88' lang='lat' dir='ltr'><strong>sedetiam</strong></span> <span class='ocrx_word' id='word_1_240' title='bbox 727 3551 1050 3706; x_wconf 62' lang='lat' dir='ltr'><strong>pernecessariuiplelsl.</strong></span> 
     </span>
    </p>
   </div>
   <div class='ocr_carea' id='block_1_4' title="bbox 0 0 1624 4592">
    <p class='ocr_par' dir='ltr' id='par_1_8' title="bbox 0 0 1624 4592">
     <span class='ocr_line' id='line_1_37' title="bbox 0 0 1624 4592; baseline 0 0"><span class='ocrx_word' id='word_1_241' title='bbox 0 0 1624 4592; x_wconf 95' lang='lat' dir='ltr'><strong> </strong></span> 
     </span>
    </p>
   </div>
  </div>
 </body>
</html>
