3192 4592
590 569 653 638 254
732 533 1222 620 Paorrrrrrsruus*

545 682 609 750 duo
632 677 738 760 aliquo
761 671 858 738 modo
883 669 966 739 idern
989 667 1061 738 esse
1074 668 1269 748 videantut3
1295 685 1408 744 tamen

544 768 644 836 stride
667 758 787 832 diversa
813 760 911 841 sunt,
937 775 972 825 ut
1004 756 1038 822 in
1057 753 1269 842 Proposrtione
1295 777 1324 838 9.
1353 755 1408 822 ad·
1518 763 1519 770 ’

544 851 657 953 rnonui
675 898 700 1004 h
711 848 841 934 ideoque
867 867 968 913 unum
992 843 1092 944 etiarn
1107 841 1178 911 'sine
1196 841 1296 910 altero
1313 841 1412 910 habe·

545 965 572 1007 n
599 959 674 1026 pote
709 970 730 1002 ι·

588 1051 619 1112 7.
638 1028 784 1108 Demque
809 1015 998 1107 intelligitur
1022 1015 1058 1086 de
1087 1013 1151 1084 sola
1175 1017 1263 1086 addus
1284 1017 1411 1084 bonita-
1518 1089 1519 1106 χ

545 1135 597 1198 te,
622 1113 674 1180 seu
698 1107 877 1189 honestare,
905 1129 970 1172 non
986 1126 1063 1172 vero
1087 1105 1124 1171 de
1141 1105 1228 1172 adius
1252 1104 1410 1186 efficacia,

544 1202 580 1269 de
607 1195 793 1268 validitate.
814 1197 944 1277 Nempe
961 1189 1151 1276 intelligitur
1168 1190 1202 1256 in
1213 1191 1269 1274 iis,
1293 1190 1327 1257 in
1339 1191 1412 1276 ›qui-

545 1289 602 1356 bus
626 1285 759 1373 agitur,
798 1303 839 1346 an
866 1277 982 1432 allsmd
998 1278 1151 1360 honeste,
1174 1277 1206 1346 ἃ
1233 1277 1319 1346 licite
1337 1275 1407 1345 fieri

546 1374 657 1460 possit,
683 1369 826 1438 velnon
853 1389 893 1452 po
920 1385 970 1448 rt,
1006 1385 1071 1433 non
1096 1381 1174 1432 veru
1200 1364 1233 1431 in
1262 1365 1327 1445 iis,
1355 1365 1409 1432 ubi

545 1461 669 1548 agitur,
694 1479 734 1524 an
760 1453 878 1540 aliquid
901 1452 1111 1550 consequatur
1135 1452 1225 1518 suum
1242 1452 1411 1535 euenum,

546 1569 607 1614 nec
631 1569 689 1614 ne·
715 1541 841 1610 Clarius
864 1588 871 1605 .
903 1541 985 1608 Non
1009 1561 1044 1606 tn
1068 1537 1125 1620 iis,
1151 1537 1338 1620 ubivalor,
1365 1537 1409 1606 es-

499 1662 503 1669 *
547 1632 673 1715 fertus,
700 1627 847 1698 successus
867 1627 980 1712 pendet
1006 1645 1212 1706 canitura,
1244 1624 1409 1693 existentia

547 1720 706 1798 veritate,
735 1717 769 1784 δι
794 1712 1006 1800 applicatione
1031 1711 1095 1793 rei,
1121 1711 1229 1779 sedin
1256 1711 1324 1794 iit,
1353 1713 1409 1779 ubi

548 1805 718 1886 honestas,
743 1801 794 1870 vel
814 1799 978 1886 turpitudo
999 1797 1183 1868 ‘attenditur
1200 1798 1353 1884 praecipue
1370 1821 1408 1867 ex

543 1891 753 1962 Conscientia
775 1887 951 1979 operantis.

586 1980 674 2048 Hinc
699 1977 818 2063 liquet,
842 1997 918 2062 quas
940 1974 1142 2060 exceptiones
1165 1972 1294 2059 praesens
1312 1976 1409 2058 Quaeh

542 2067 600 2136 slio
625 2065 781 2152 patiatur.
811 2063 933 2149 Igitur.

592 2147 1050 2234 1.Excludunturopinionet'
1075 2145 1249 2234 probabiles
1278 2167 1408 2215 tanturn

543 2240 701 2323 absolute,
724 2261 789 2304 non
822 2235 923 2306 etiam
950 2231 1138 2319 respersae,
1166 2233 1226 2302 hoc
1248 2235 1294 2301 est
1320 2233 1410 2318 illae,

542 2353 612 2416 quae
641 2326 673 2393 in
700 2321 914 2410 oppositarum
934 2323 1099 2407 conspediu
1130 2321 1303 2406 deperdunt
1321 2322 1408 2390 suam

543 2411 823 2502 probabilitatem.
848 2411 919 2478 Hoc
936 2429 1072 2494 namque
1096 2407 1233 2476 accidere
1262 2409 1358 2500 potest
1375 2431 1402 2474 .’

599 2525 628 2570 2.
647 2498 824 2586 Opiniones
847 2495 957 2578 dubie,
984 2495 1143 2578 tenuiter,
1169 2493 1409 2580 &speculative

549 2607 676 2655 tantum
693 2580 894 2671 probabiles.
919 2585 1123 2673 Quamquam
1148 2581 1213 2650 haze
1232 2605 1296 2648 vox
1312 2585 1409 2650 tenui·

545 2672 769 2758 tersuperflua
792 2669 834 2737 est
852 2717 861 2752 ‚
882 2668 957 2756 quia
982 2669 1125 2738 tenuiter
1148 2667 1308 2756 probabile
1333 2691 1408 2742 vere

543 2757 720 2847 hujusmodi
737 2780 805 2822 non
830 2756 890 2823 est.
1156 2809 1159 2816 ,
1335 2779 1362 2792 ·’
1388 2809 1391 2814 ,

588 2869 618 2933 3.
644 2843 817 2936 Minister,
840 2845 873 2910 δι
890 2843 1065 2930 Suscipiens
1086 2844 1121 2912 in
1144 2843 1411 2913 sacrararum

542 2933 648 3021 quoad
664 2955 702 3000 ea
718 2931 932 3017 omniasquae
948 2933 985 2999 ad
1003 2955 1112 3000 eorum
1134 2930 1353 3014 validitatem,
1377 2931 1411 2999 δι

544 3020 724 3088 efficaciam·
734 3019 892 3104 speciant,
914 3019 949 3087 dc
971 3019 1133 3089 Medicur.
1158 3018 1203 3086 Hi
1221 3019 1308 3086 enim
1333 3017 1413 3085 obn

537 3127 662 3195 gantur
684 3107 727 3174 ad
752 3105 890 3174 tutiora.
1001 3132 1018 3170 .’
1169 3137 1172 3145 ·
1239 3107 1241 3110 ’

586 3217 618 3276 4
638 3193 721 3284 Deni
746 3217 783 3262 ue
798 3193 929 3276 ludex,
952 3194 1116 3282 caeterique
1143 3191 1334 3282 Reipublicae
1352 3189 1411 3259 Ol·

546 3279 685 3362 ficiales,
738 3279 932 3364 onsultores‚
956 3281 1127 3368 Magistri,
1150 3279 1198 3364 st,
1230 3282 1263 3350 ἃ
1286 3280 1412 3366 quando

545 3367 715 3454 slipendio,
737 3369 919 3450 contram,
943 3368 1185 3451 conventione,
1216 3371 1299 3456 Lege
1321 3366 1411 3446 lata,

545 3455 754 3536 Juratnont03
777 3454 897 3532 immo,
919 3453 953 3519 dc
978 3455 1093 3541 privati
1108 3453 1332 3542 quicumque,
1358 3453 1411 3540 qui

546 3539 728 3623 volvero,
750 3539 803 3608 vel
821 3537 986 3623 superioris
1004 3538 1179 3624 precepto,
1200 3541 1256 3610 vel
1269 3540 1410 3629 quolibet

543 3627 608 3696 alio
619 3626 756 3718 ,uinculo
779 3644 930 3710 tenentur
954 3648 1025 3692 reto
1042 3625 1220 3712 publicem,
1237 3647 1293 3697 aut
1311 3627 1414 3713 priua·

608 3735 613 3744 ’
1299 3733 1366 3782 tam
