3192 4592
311 441 578 512 Meru.Mnrrr.
590 439 784 510 Damousr.
797 439 831 508 P.
848 441 894 508 ΙΙ.
942 460 1006 526 299

175 572 233 646 ciri
256 573 378 644 neeellc
401 573 471 658 est,
502 595 579 642 eum
609 588 780 660 utrumque
804 570 982 660 requiratur
1011 570 1055 662 ab,

179 665 303 732 licitam
327 659 622 749 probabilitatem(
659 663 693 742 ).
1085 661 1148 741 (a)
1160 675 1214 746 per

223 748 372 818 Tandem
396 749 439 816 D.
457 750 577 816 Bonan.
602 746 637 812 in
663 768 693 833 3.
719 749 866 816 Sement.
890 744 970 814 Dill.
996 767 1050 830 40.
1088 749 1231 833 Coel'up.

178 837 252 906 dub.
279 860 307 924 3.
332 837 367 902 in
390 833 494 922 quaest.
521 835 576 900 An
596 834 791 904 Sacramenta
822 834 911 920 Legis
941 833 1052 904 veteris
1089 856 1139 919 29.
1143 851 1176 922 p.
1180 851 1215 922 p.

178 925 355 991 contulerint
378 923 535 1010 gratiam,
559 918 721 1007 explicans
745 921 910 1010 quomodo
932 919 962 988 se
1006 919 1054 1001 es-¹

179 1011 253 1080 serit
286 1010 320 1076 in
352 1007 556 1095 opinionibus
586 1007 781 1093 rraliandis,
812 1010 845 1078 δι
869 944 1052 1096 eligniis,
1113 1008 1115 1012 ’

179 1097 217 1167 de
240 1096 409 1183 semetipso
438 1095 504 1164 haec
528 1094 575 1164 ait
600 1142 635 1162 ..
663 1144 691 1165 ..
722 1097 785 1163 Cui
807 1095 956 1162 communi
977 1089 1053 1191 P⁰li⁴

177 1187 256 1254 sioni
286 1187 431 1269 (nempe
460 1181 545 1269 quod
576 1181 778 1252 Sacramenta
810 1181 903 1270 Legis
934 1199 1052 1252 veteris

178 1270 316 1359 gratiam
339 1293 411 1336 non
434 1267 668 1349 conserebant)
694 1290 746 1359 pro
767 1271 885 1338 viribus
915 1269 988 1336 meis
1017 1267 1052 1334 in

175 1359 313 1424 omnibus
327 1358 557 1444 precedentibus
572 1357 674 1426 Libris
690 1353 814 1440 adbast,
831 1370 977 1446 tanquam
994 1355 1053 1422 via

167 1445 327 1529 securiori,
350 1441 394 1512 (γ
406 1441 484 1528 ficut
493 1446 575 1529 seio,
593 1445 636 1513 (ἲ
648 1444 783 1534 positus,
808 1444 903 1530 milti,
925 1440 969 1510 (9'
984 1441 1054 1521 aliis

175 1530 377 1615 consmilibus
420 1559 506 1602 arum
541 1535 776 1623 intelligentibus
825 1531 959 1615 ersuadeo
998 1529 1063 1596 aed<v
1096 1577 1099 1582 -

174 1619 361 1687 barendum.
414 1638 427 1684 t
452 1622 591 1706 quoniam
608 1640 773 1708 partorum
796 1551 921 1690 bibrum
937 1619 987 1686 boc
1004 1617 1055 1684 di·
1090 1687 1093 1694 ,

176 1706 327 1792 ligentins
348 1703 523 1789 observavi,
537 1703 619 1790 sicut
639 1711 816 1780 maerenti
830 1709 940 1776 clarius
962 1729 983 1770 a
998 1723 1056 1793 pa·

176 1793 272 1875 redit,
293 1809 329 1856 ut
354 1789 388 1854 in
416 1790 459 1856 iis
481 1791 685 1876 quaslionibus
711 1797 831 1876 dubiis,
855 1795 898 1861 Θ
918 1722 1056 1878 ampliti-

176 1881 252 1961 bns,
274 1877 309 1943 itt
330 1875 439 1961 quibus
460 1902 518 1943 nort
535 1880 622 1967 potui
643 1880 880 1967 deprehendere,
902 1902 966 1966 qua
987 1877 1057 1964 effer

177 1967 233 2034 via
254 1964 419 2030 communis
437 2010 447 2048 ,
467 1966 541 2054 quia
560 1965 714 2053 sepientes
735 1967 894 2054 opinantur
915 1965 1058 2048 contrarie

172 2050 383 2140 sapientibus,
397 2046 443 2133 fic
459 2077 550 2118 unam
567 2072 684 2139 partein
706 2072 853 2140 tanquam
878 2051 975 2140 magis
992 2067 1060 2137 prs·

176 2142 308 2297 pabilem
323 2134 483 2223 sustineri,
504 2158 538 2208 ut
561 2159 662 2208 tamen
682 2143 780 2208 aliam
803 2140 929 2215 minime
949 2137 1059 2226 inspre-

198 2249 301 2295 arem.

411 2403 817 2474 scHotrtrM.

265 2578 304 2648 X
325 2574 388 2646 hoe
413 2576 532 2663 pariter
553 2576 625 2648 loco
648 2600 802 2668 quattuor
830 2577 1056 2668 mlligunturz

279 2687 315 2730 r.
340 2687 395 2751 per
416 2664 607 2737 eleilionem
630 2668 729 2754 partis
751 2667 972 2758 probabilioris
996 2689 1056 2755 op

175 2752 319 2840 posnam
343 2751 451 2823 minus
473 2752 668 2840 probabilem
695 2780 760 2825 non
782 2755 890 2840 rejici,
912 2773 969 2827 aut
989 2754 1054 2822 im*

177 2837 325 2925 probari,
347 2838 481 2928 ideoque
503 2841 582 2931 eligi
607 2843 708 2928 polle,
730 2867 797 2912 non
818 2843 921 2913 solum
936 2841 1057 2930 stupli

178 2929 268 3010 citer,
293 2925 337 2994 δ’
359 2927 391 2994 in
414 2928 497 3014 sensu
521 2931 638 3014 diviso,
660 2931 713 3000 sed
734 2950 932 3020 comparata,
960 2929 995 2996 ἃ
1018 2927 1056 2996 its
1084 2943 1086 2950 ⁴

177 3011 266 3094 sensu
290 3011 471 3102 eompostro,
503 3017 557 3087 seu'
580 3017 769 3106 queminus
791 3015 962 3104 probabilis
984 3013 1055 3082 est.
1123 3016 1127 3024 '

185 3098 333 3193 slffirmat
349 3102 438 3172 enirn
454 3105 485 3174 S.
504 3105 643 3184 Dona,
664 3103 771 3174 minus
795 3101 970 3192 probabiles
988 3120 1055 3168 non

187 3186 354 3267 improbari
373 3237 384 3273 ,
402 3186 490 3260 'curn
512 3190 660 3278 oppolitae
684 3209 840 3278 tanquam
862 3187 1056 3278 probabilio-

188 3287 238 3334 res
259 3292 278 3336 a
302 3273 392 3372 sede
406 3279 592 3348 cuduntur.
615 3302 645 3348 e.
673 3279 828 3348 bonores
853 3276 1056 3365 opinionibus

186 3362 391 3430 commumbu
413 3413 425 3448 ‚
447 3366 500 3434 seu
523 3363 783 3452 probabilioribus
801 3363 955 3436 adhaerere
976 3364 1057 3436 lole-

188 3460 224 3506 re
245 3456 388 3528 tanquam
410 3453 468 3520 vr'ae
482 3453 641 3538 securius,
660 3451 746 3540 quod
770 3452 832 3537 est,
854 3477 919 3522 non
943 3476 983 3524 ex
1000 3473 1058 3520 ne·

186 3527 350 3616 ‘effinse’
370 3533 405 3602 &
424 3539 623 3632 obligatione
641 3585 654 3625 ,
673 3537 758 3630 quali
781 3563 860 3612 reto
881 3539 937 3612 via
957 3561 1056 3696 Epiro*
1165 3605 1170 3616 .

981 3645 1014 3696 12
