3192 4592
608 487 671 554 344
738 466 1232 533 Panormitano-s
1290 517 1296 526 .

561 597 630 684 ipso
650 595 759 663 omnia
781 593 814 660 in
839 611 1030 680 argumento
1050 591 1205 746 aslumlpta
1228 593 1302 664 sal-la
1329 599 1424 667 sunt
1448 611 1466 665 .“

562 683 686 753 falsum
718 682 885 769 primurn.
915 683 998 748 Non
1020 681 1108 748 enirn
1157 681 1204 749 uit
1237 685 1464 754 Concilium

563 769 757 852 Nationale,
787 768 840 835 sed
862 766 994 854 simplex
1010 769 1241 853 Conventus,
1270 772 1328 860 qui
1355 797 1464 858 quo-

562 858 668 927 tannis
698 856 767 925 sicri
798 855 903 922 solet.
937 850 1062 922 Falsum
1094 856 1293 926 secundum.
1333 863 1458 928 -Nam

562 969 637 1014 cum
662 945 695 1011 in
716 941 825 1011 Gallia
847 939 908 1009 fint
935 945 984 1008 18.
1008 943 1268 1030 Archiepiscopi,
1288 945 1447 1014 &·112.

564 1051 600 1100 ut
625 1031 732 1100 miuus
754 1029 920 1115 Episcopi,
943 1028 1018 1099 huic
1041 1031 1229 1100 Conventui
1248 1031 1353 1100 solum
1386 1039 1449 1100 16.

563 1118 749 1187 adsuerunt.
774 1113 898 1184 Falsum
923 1116 1082 1186 tertium.
1116 1117 1364 1188 Probabilismus
1384 1139 1444 1190 et-

562 1208 651 1276 enim
674 1229 775 1293 neque
798 1203 833 1270 in
856 1203 1067 1291 propositione
1088 1203 1193 1292 aliqua
1214 1207 1357 1292 expresse
1378 1209 1441 1275 da-

562 1313 716 1377 mnatus,
739 1315 840 1376 neque
865 1290 929 1358 ulla
950 1292 1076 1361 censura
1097 1293 1225 1362 affertur
1247 1295 1316 1375 est;
1355 1319 1443 1364 curn

563 1401 674 1451 tamen
706 1382 816 1447 multae
853 1375 921 1446 aliae
956 1378 1183 1468 propositiones
1213 1379 1332 1450 fuerint
1368 1382 1441 1450 hoc

562 1469 661 1536 modo
679 1467 714 1534 in
735 1491 774 1534 eo
796 1464 1031 1534 condemnata.
1056 1469 1139 1556 Lege
1162 1466 1324 1537 insonte.
1360 1471 1443 1538 Ita*

562 1579 623 1644 que
646 1553 736 1636 hujus
751 1549 914 1620 Gallicani
936 1553 1125 1624 Conventus
1149 1554 1380 1638 (ueletiam,
1407 1553 1435 1620 si

514 1635 532 1670 ‘
562 1641 685 1723 mavis,
708 1637 851 1707 Concilii
875 1639 1061 1709 Nationalit
1084 1645 1097 1724 )
1119 1641 1286 1712 aullotitas
1307 1664 1434 1730 magna

561 1730 712 1816 quidem,
731 1726 766 1796 &
789 1728 980 1810 reverenda,
1012 1728 1062 1798 sed
1085 1729 1221 1798 minime
1242 1748 1358 1814 certa,
1393 1730 1429 1798 δι

558 1814 736 1886 decretoria
755 1814 797 1881 est
821 1815 993 1893 (Concilio
1015 1816 1103 1886 enim
1122 1815 1314 1885 Nationalia
1333 1841 1430 1885 com-¹

563 1927 714 1986 munem,
738 1902 913 1972 &certam
937 1903 1033 1985 fidem
1056 1927 1120 1972 non
1142 1900 1284 1987 faciunt,
1307 1903 1364 1972 nisi
1387 1904 1428 1972 ab

562 1990 743 2080 Apostolica
781 1990 861 2059 Sede
901 1991 1068 2079 aprobata
1097 1995 1111 2070 )
1156 1993 1240 2062 unde
1279 1991 1423 2062 adversus

564 2074 826 2179 Probabilismum
839 2015 939 2176 ,nihil
954 2097 1042 2146 certo
1064 2077 1213 2148 conficit.
1238 2081 1286 2160 (a)

517 2224 524 2240 .
608 2166 757 2234 Tandem
780 2161 883 2233 velim
914 2165 1021 2234 dicant
1044 2163 1126 2232 mihi
1149 2165 1423 2248 Probabiliorillae‚

563 2253 695 2340 quinam
724 2250 910 2321 Gallicanus
942 2255 1131 2322 Conventus
1162 2252 1310 2339 plenior,
1345 2253 1423 2324 cele·

564 2341 666 2424 brior,
697 2360 792 2426 atque
824 2338 996 2408 solemnior
1026 2339 1184 2408 habendus
1214 2339 1287 2425 fit„
1306 2365 1347 2410 an
1368 2341 1420 2410 ille

563 2432 630 2495 An.
649 2449 760 2511 17oo.,
783 2428 818 2495 in
838 2451 902 2515 quo
926 2446 1035 2497 contra
1060 2427 1320 2497 Probabilismum
1337 2479 1347 2512 ,
1366 2452 1419 2506 ¹rm

563 2540 640 2585 vero
663 2514 719 2583 ille
742 2517 806 2583 An.
830 2518 941 2598 1682„
977 2515 1010 2582 in
1033 2538 1096 2601 quo
1126 2535 1235 2583 contra
1258 2515 1420 2587 Pontificio

563 2601 768 2689 potestatem,
798 2601 922 2689 ejusque
945 2599 1235 2687 infallibilitatem,
1259 2623 1353 2692 atque
1376 2604 1421 2670 su-

562 2712 616 2775 pra
638 2685 1003 2758 ConciliaOEcumenica
1026 2690 1279 2777 superioritatem
1306 2691 1420 2760 defini-

561 2795 632 2843 tum
649 2773 716 2841 cll.
740 2775 821 2842 Sane
846 2794 956 2860 ptaeter
979 2774 1057 2845 alias
1080 2801 1267 2847 communes
1296 2779 1418 2866 utrique

563 2860 801 2944 solemnitates,
831 2860 885 2930 iste
908 2865 942 2932 &
965 2863 1121 2932 ordinaria
1152 2883 1278 2934 tantum
1302 2889 1419 2936 conuo-

562 2948 708 3031 catione,
729 2948 764 3016 &
775 2946 960 3037 permrffione
983 2951 1083 3020 solum
1099 2953 1218 3040 Rapio,
1241 2953 1296 3024 ille
1312 2969 1418 3022 autem

562 3038 595 3105 8(
611 3035 876 3121 extraordinaria,
907 3037 941 3106 &
963 3040 1115 3106 Mandata
1137 3042 1232 3130 Regio
1269 3040 1417 3122 inditlm,
1481 3109 1483 3116 ,

562 3126 596 3192 δι
615 3123 669 3191 ille
701 3146 762 3208 prae
789 3124 980 3208 isto-majori
1014 3128 1146 3195 Patrum'
1175 3151 1307 3198 numero
1331 3151 1417 3214 pera-
1480 3125 1486 3136 ’

561 3213 629 3278 clus
652 3209 711 3307 ‘stt
742 3213 832 3278 Nam
853 3211 887 3278 in
905 3214 962 3281 islo
980 3215 1124 3315 Episcopi
1145 3215 1296 3284 duntaxat
1314 3216 1416 3284 sexde·
1482 3297 1486 3306 .

561 3298 646 3378 cim,
668 3294 723 3362 alti
741 3322 818 3366 vero
836 3299 910 3367 Viti
930 3300 1131 3371 Ecclefiastrci
1158 3301 1276 3390 viginti
1298 3324 1307 3384 3
1330 3302 1361 3369 in
1378 3301 1416 3369 il-

562 3383 595 3453 lo
611 3401 721 3452 autem
730 3385 875 3471 Episcopi
892 3386 1025 3474 triginta
1043 3389 1337 3475 quattuor,aliique
1357 3391 1414 3458 Ec·
1484 3429 1486 3434 .

560 3470 719 3556 elesrastici
745 3473 819 3538 Viri
846 3471 978 3560 triginta
1005 3477 1075 3544 otto
1093 3475 1331 3548 iuterfuerunt.
1365 3478 1412 3546 Ut

558 3559 712 3628 omittam
734 3557 770 3628 in
786 3557 844 3626 illo
861 3561 1044 3646 expressius,
1056 3561 1101 3630 ’δι
1119 3560 1290 3632 solemnius
1306 3585 1412 3715 rseptae·

601 3689 607 3698 ,
1322 3675 1370 3718 en-
