3192 4592
320 519 446 588 Merra.
456 514 788 587 Mam-Danuuio.
806 515 839 584 P.
851 516 878 586 1.
942 535 1001 598 ¹47

133 699 136 704 -
221 655 297 723 Cor.
324 649 414 719 Hinc
440 647 493 717 vel
512 648 650 718 maxime
676 641 803 734 liquet,
826 646 977 731 majorem
993 671 1047 716 ve·

180 737 483 819 rosrmilitudinem,
503 733 841 822 appropinquationem
865 736 904 804 ad
927 736 1044 804 verita·

178 847 276 913 tem,
308 844 403 913 atque
428 822 687 891 conformitatem
714 823 752 888 ad
785 825 900 892 reliam
928 821 1044 890 Ratio-

179 937 279 997 nem,
297 937 368 1000 quae
382 912 471 995 juxta
482 907 745 979 Probabiliorillas
763 907 796 975 in
813 911 964 998 opinione
976 933 1045 996 pro·

179 1000 333 1069 babiliore
354 999 415 1088 piat
433 997 553 1065 'minus
569 994 723 1085 probabili
746 999 955 1081 continetur,
979 1019 1044 1064 non

177 1089 263 1240 polle
285 1086 345 1156 effe
370 1084 507 1168 realem,
531 1087 565 1154 δι
586 1083 805 1168 objeiiivam,
838 1084 888 1153 led
914 1099 1042 1152 tantum

192 1172 401 1257 ubjeuivam,
425 1173 459 1240 ἃ
481 1193 704 1259 apparentem.
728 1174 819 1240 Nam
838 1173 956 1241 veritas
974 1193 1043 1238 rea·

178 1258 247 1343 lis,
270 1262 304 1331 δι
322 1263 403 1329 rebla
422 1257 521 1328 Ratio
539 1261 573 1327 in
592 1263 623 1329 se
644 1259 763 1328 mutari
782 1308 793 1345 ,
823 1278 878 1328 aut
902 1258 1040 1328 omnino

178 1345 279 1417 etiam
301 1346 426 1435 deperdi
449 1369 515 1414 non
541 1347 658 1437 potest.

590 1482 635 1552 X·
1027 1511 1040 1543 ι

180 1651 189 1711 3
220 1611 427 1709 Unaquaeque
449 1609 590 1697 Schola,
620 1612 660 1712 lle
684 1610 893 1711 unusquisque
919 1606 1044 1708 pellor

179 1692 1046 1875 uurualalrauagilmarol

410 1909 816 2025 scHoiruM.

189 2133 217 2195 i.
330 2133 386 2197 Oc
412 2130 531 2199 constat
557 2153 596 2200 ex
620 2129 805 2199 Aurhorum
831 2127 905 2214 usu,
928 2151 964 2197 ac
982 2147 1049 2214 pra-

225 2217 230 2224 ’
271 2245 275 2250 ’
343 2213 396 2300 xi,
419 2238 456 2286 ut
481 2217 575 2306 periti
593 2217 724 2286 sciunt.
752 2217 849 2283 Unde
866 2215 933 2299 est,
963 2216 1047 2302 quod

180 2303 297 2390 pall'rru
317 2303 472 2390 reperitur
497 2305 644 2393 usurpata
667 2328 705 2372 ea
722 2325 785 2371 vox
805 2303 986 2390 probabilius
1008 2297 1050 2383 ιβ

184 2413 271 2476 aeqne
296 2391 379 2478 apnd
406 2390 497 2476 illos,
520 2391 575 2479 qui
603 2409 723 2478 partem
750 2390 990 2472 affirmantem,
1012 2407 1051 2461 w.

180 2477 236 2563 qui
263 2497 434 2566 negantem
455 2475 647 2547 defendunt.
670 2481 711 2545 Et
739 2477 792 2544 ubi
812 2493 876 2543 non
901 2476 963 2559 est,
979 2475 1049 2560 jam

178 2586 218 2631 ex
242 2563 427 2632 rei'natura
447 2565 682 2653 intelligitur.
715 2564 809 2647 Quod
833 2562 855 2630 st
879 2559 1051 2650 aliquando

178 2651 294 2719 reflexa
319 2651 493 2720 defendunt
524 2653 655 2731 alicujus
685 2674 740 2737 pro
783 2649 907 2719 litionis
938 2649 1049 2737 proba·

181 2734 345 2836 bilitatom
362 2786 373 2822 ,
394 2737 446 2807 vel
470 2738 646 2807 absolutam
663 2787 674 2819 ,
705 2675 935 2824 oeloaequalem
952 2784 978 2824 ,1
994 2732 1049 2804 vel

181 2828 334 2905 mamreni
363 2825 587 2911 probabilitate
619 2825 783 2894 lente-ntia
808 2823 980 2912 opposite,
1011 2821 1047 2888 id

77 2977 84 3004 ‚
178 2934 302 2998 quoqne
329 2911 474 2995 laniunt,
497 2914 549 2982 vel
574 2914 612 2982 de
631 2911 748 2998 ⁴modo
764 2931 904 2999 cerrum,
934 2908 988 2980 ve‘l
1009 2908 1049 2976 de

180 3001 277 3066 modo
299 2997 504 3088 probabilius.
536 2998 668 3086 Perinde
693 2999 781 3068 enim
809 3019 886 3069 tunc
912 2997 981 3078 est,
1012 3015 1048 3062 ae

179 3087 294 3156 reflexo
316 3087 440 3157 diecret
461 3107 589 3174 aarum,
613 3087 665 3156 vel
684 3088 865 3175 probabilius
885 3083 948 3171 est,
966 3083 1049 3168 hanc

180 3171 377 3244 sententiam
398 3174 458 3242 elle
483 3172 623 3242 absolute
648 3173 861 3260 probabilem,
884 3169 944 3238 vel*
962 3191 1054 3258 aqua·

183 3262 396 3346 probabilem,
419 3260 472 3329 vel
499 3261 743 3348 probabiliorem
765 3257 922 3346 oppolita.
978 3309 980 3316 ι
1053 3279 1057 3313 :

227 3371 257 3414 a.
278 3348 487 3439 -lntelligitur
509 3367 618 3418 autem
636 3347 849 3434 suppositio,
883 3364 956 3414 curn
978 3335 1052 3427 A‘u·

181 3433 291 3503 thorer
311 3455 456 3503 mentem
480 3438 568 3504 suam
587 3438 775 3522 depromunt
794 3437 879 3504 circa
908 3433 1047 3520 aliquam

185 3519 385 3601 materiam3‘
399 3544 444 3591 ac·
458 3523 647 3598 sententiam
665 3524 881 3610 determinate
897 3521 1054 3620 edicunt,v

181 3609 324 3680 minime
351 3630 465 3695 vero,
494 3612 682 3768 oumkciroa
700 3608 792 3682 illam
823 3608 1055 3766 probissimum

247 3731 255 3738 ·
293 3715 299 3742 ¹
646 3721 664 3767 z
939 3716 1015 3767 unt.
