3192 4592
595 453 654 502 120
741 429 1280 510 Pnourarrrsuus„

545 564 580 632 δι
602 559 687 629 nulia
717 557 770 628 vel
794 559 913 626 moralis
944 557 997 628 hic
1029 558 1189 628 certitudo
1227 558 1409 648 reperitur,

545 648 597 718 sed
619 646 729 714 onmia
753 645 873 722 incerta
904 645 1067 732 equaliter
1088 645 1187 731 sunt„
1217 648 1251 715 &
1275 645 1400 715 nonnisi

547 736 581 803 in
611 733 660 801 his
683 732 812 802 incertis
837 731 1007 800 Prudentia
1036 732 1161 802 asinariis
1192 733 1250 803 esse
1330 733 1405 802 tesi.

547 825 649 892 Nune
671 819 693 888 si
716 819 749 886 in
773 819 834 887 hoc
857 818 1008 888 conflisiu
1041 817 1078 888 sit
1109 823 1230 908 semper
1251 820 1293 888 ob
1308 820 1408 908 igario
1510 841 1511 846 ¹

546 905 685 995 eligendi
709 905 874 989 Judicium
896 906 1114 992 probabilius,
1146 907 1207 976 hoc
1232 907 1301 991 est,
1323 905 1407 998 quod

547 993 717 1077 majoribus
739 993 914 1062 rationibus
938 994 1123 1072 continetur
1145 1041 1155 1073 ,
1177 995 1212 1064 δι
1233 993 1295 1064 hoc
1318 993 1410 1060 durn-

1502 1032 1513 1087 i

547 1100 635 1150 taxat
653 1081 691 1150 sit
709 1080 865 1169 prudeus,
887 1079 1082 1162 virtuosum,
1106 1081 1245 1162 sessum,
1267 1081 1413 1162 bouum,
1508 1144 1511 1161 ,

548 1168 709 1250 Iudicium
733 1193 809 1236 uero
833 1164 990 1254 probabile
1007 1213 1023 1248 ,‚
1040 1167 1091 1234 seu
1113 1167 1195 1251 quod
1219 1165 1407 1234 continetur

547 1253 873 1341 rationibusmagnis,
896 1252 1094 1338 imprudens,
1118 1251 1315 1339 improbum,
1340 1273 1408 1320 ma-

549 1341 647 1425 lum,
668 1343 730 1424 jam
754 1341 788 1407 in
812 1338 1077 1418 tota-Prudentiae
1098 1337 1223 1406 asiualis
1240 1335 1411 1420 Confilianff

549 1431 610 1509 ris,
632 1430 666 1496 ἃ
684 1427 877 1509 judicantis,
900 1425 951 1494 seu
973 1425 1008 1490 in
1031 1443 1101 1494 tot-u
1125 1425 1273 1494 Rationis
1296 1426 1408 1506 resiae,

550 1513 585 1581 δι
610 1511 753 1581 Virtutis
784 1511 920 1580 Ditione
950 1533 1015 1577 non
1046 1510 1197 1597 dubitur,
1237 1509 1294 1578 nisr
1327 1533 1411 1594 uuus

548 1601 659 1687 gradus
682 1597 841 1680 virtutis,
873 1598 907 1666 δι
930 1595 1158 1684 consequenter
1181 1617 1243 1667 nec*
1264 1597 1348 1666 assus
1374 1621 1410 1666 u·

547 1707 634 1766 uus,
666 1706 724 1758 nec
745 1682 846 1754 homo
878 1706 959 1752 unus
981 1683 1175 1768 virtuosus,
1205 1683 1409 1772 prudentior,

546 1770 661 1844 melior
684 1770 778 1838 alio:
803 1771 888 1860 quod
910 1771 952 1840 est
976 1768 1175 1856 ipsrssrrnum,
1197 1771 1280 1858 quod
1304 1768 1406 1844 Stoici

454 1904 457 1913 ι
546 1859 741 1926 affirmabant
760 1905 771 1940 ,
788 1858 827 1926 ,δι
852 1857 885 1924 in
907 1881 969 1944 quo
992 1881 1064 1926 curn
1080 1857 1199 1926 iisdem
1217 1856 1408 1925 Probabilio·

498 2011 501 2016 .
547 1944 626 2012 rissae
647 1943 770 2032 egregie
793 1966 811 2009 a
834 1943 875 2010 D.
894 1942 1053 2026 Thomu,
1084 1943 1117 2010 &
1139 1962 1242 2012 arota
1267 1943 1407 2012 Philoso·
1515 1955 1516 1958 ’

504 2075 511 2084 -
547 2029 702 2119 phorum,
724 2055 759 2110 ac
784 2028 1026 2118 Theologorum
1049 2029 1162 2100 Schola
1187 2030 1409 2100 demonstiati-

547 2141 588 2187 ve
610 2117 833 2188 confutantur.

840 2233 866 2278 ³
897 2249 1066 2320 xvrrr.

449 2453 454 2460 ,
482 2451 485 2454 ,
590 2379 674 2465 Lex,
697 2381 754 2463 seu,
770 2380 966 2466 Praeceptum
989 2380 1039 2450 est'
1057 2381 1193 2470 Regula,
1217 2382 1250 2450 δι
1266 2379 1410 2467 Mensura

547 2485 697 2566 externe,
719 2465 922 2536 Conscientia
946 2491 1022 2538 vero
1045 2467 1169 2539 interne
1186 2467 1314 2536 moralis
1334 2493 1409 2557 ope·

549 2573 683 2620 ratroms
704 2595 742 2622 .·

463 2713 466 2718 ,
591 2638 723 2708 Scilicet
746 2663 799 2726 per
822 2642 940 2728 Legem
962 2639 1038 2730 quid
1061 2639 1098 2709 stt
1121 2639 1407 2726 faciendumve!

547 2721 734 2813 fugiendum
771 2725 942 2798 innotescit
970 2775 980 2808 ,
1012 2751 1067 2815 pet
1096 2729 1336 2800 Conscientiam
1377 2727 1409 2794 id

548 2810 712 2882 asiualiter
734 2811 861 2882 homiui
884 2813 1086 2902 applicatur.
1402 2821 1406 2828 ’

593 2901 635 2967 Ι).
659 2899 805 2982 Thomas
831 2924 858 2967 1.
878 2925 907 2968 2.
924 2949 935 2984 ,
957 2905 992 2970 δι
1010 2925 1039 2970 2.
1051 2926 1079 2970 2.
1097 2903 1196 2990 quaest.
1214 2925 1265 2987 90.
1288 2899 1327 2970 de
1346 2900 1410 2970 Le-

548 2987 639 3075 gibus
660 3006 718 3056 arr.
746 3010 773 3053 1.
797 2987 986 3072 Dicendum,
1007 2989 1086 3076 quod
1106 2991 1170 3058 Lex
1190 2990 1324 3076 quedam
1341 2986 1405 3054 Re-

546 3078 620 3161 gula
640 3069 682 3156 eli
697 3123 707 3157 ,
723 3075 772 3141 s?
781 3150 784 3156 ,
795 3077 930 3159 mensura
950 3073 1070 3143 ¹assuunt
1088 3123 1098 3160 ,
1113 3077 1283 3160 ,secundum
1315 3098 1407 3160 quam

548 3161 701 3229 inducitur
730 3159 842 3250 aliquis
870 3167 912 3230 ad
931 3163 1111 3251 agendum,
1149 3165 1200 3228 uel
1229 3161 1269 3228 ab
1297 3162 1408 3249 agendi

547 3249 756 3317 retrabunt..
1324 3291 1335 3325 a
1387 3293 1409 3304 -·

591 3337 667 3406 cor.
693 3359 720 3402 1.
743 3335 832 3406 Hinc
856 3335 1048 3420 Praeceptum
1071 3333 1163 3402 debet
1185 3333 1245 3403 esse
1263 3332 1407 3420 clarum,

546 3421 815 3506 determinatum,
837 3441 988 3502 certum,
1012 3443 1076 3488 nou
1098 3419 1286 3506 obscurum,
1310 3421 1410 3490 incer·
1497 3449 1501 3460 ’

547 3529 638 3577 tum.
667 3500 827 3596 Alioquin
848 3505 1008 3596 quomodo
1030 3503 1175 3594 Regula,
1197 3509 1233 3578 &
1255 3508 1409 3607 Mensura

1272 3613 1358 3681 errt,
