<?xml version="1.0" encoding="UTF-8"?>
<!DOCTYPE html PUBLIC "-//W3C//DTD XHTML 1.0 Transitional//EN"
    "http://www.w3.org/TR/xhtml1/DTD/xhtml1-transitional.dtd">
<html xmlns="http://www.w3.org/1999/xhtml" xml:lang="en" lang="en">
 <head>
  <title>
</title>
<meta http-equiv="Content-Type" content="text/html;charset=utf-8" />
  <meta name='ocr-system' content='tesseract 3.04.00' />
  <meta name='ocr-capabilities' content='ocr_page ocr_carea ocr_par ocr_line ocrx_word'/>
</head>
<body>
  <div class='ocr_page' id='page_1' title='image "./probabilismusme00fortgoog_0257.png"; bbox 0 0 3192 4592; ppageno 0'>
   <div class='ocr_carea' id='block_1_1' title="bbox 599 453 1247 541">
    <p class='ocr_par' dir='ltr' id='par_1_1' title="bbox 599 453 1247 541">
     <span class='ocr_line' id='line_1_1' title="bbox 599 453 1247 541; baseline 0.006 -20"><span class='ocrx_word' id='word_1_1' title='bbox 599 457 661 541; x_wconf 77' lang='lat'>24⁶</span> <span class='ocrx_word' id='word_1_2' title='bbox 747 453 1247 528; x_wconf 76' lang='lat' dir='ltr'>Pnoiaaiarsirus</span> 
     </span>
    </p>
   </div>
   <div class='ocr_carea' id='block_1_2' title="bbox 691 630 1192 741">
    <p class='ocr_par' dir='ltr' id='par_1_2' title="bbox 691 630 1192 741">
     <span class='ocr_line' id='line_1_2' title="bbox 691 630 1192 741; baseline 0.004 -2"><span class='ocrx_word' id='word_1_3' title='bbox 691 630 703 682; x_wconf 78' lang='lat'>⁵</span> <span class='ocrx_word' id='word_1_4' title='bbox 786 671 1192 741; x_wconf 76' lang='lat' dir='ltr'>sonoriora.</span> 
     </span>
    </p>
   </div>
   <div class='ocr_carea' id='block_1_3' title="bbox 656 844 1432 919">
    <p class='ocr_par' dir='ltr' id='par_1_3' title="bbox 656 844 1432 919">
     <span class='ocr_line' id='line_1_3' title="bbox 656 844 1432 919; baseline 0.004 -4"><span class='ocrx_word' id='word_1_5' title='bbox 656 847 735 915; x_wconf 77' lang='lat' dir='ltr'>Aue</span> <span class='ocrx_word' id='word_1_6' title='bbox 760 845 975 918; x_wconf 84' lang='lat' dir='ltr'>nihilominus</span> <span class='ocrx_word' id='word_1_7' title='bbox 998 844 1256 919; x_wconf 83' lang='lat' dir='ltr'>Probabilioristae</span> <span class='ocrx_word' id='word_1_8' title='bbox 1279 870 1432 918; x_wconf 76' lang='lat' dir='ltr'>commu.</span> 
     </span>
    </p>
   </div>
   <div class='ocr_carea' id='block_1_4' title="bbox 670 933 1520 1036">
    <p class='ocr_par' dir='ltr' id='par_1_4' title="bbox 670 933 1520 1036">
     <span class='ocr_line' id='line_1_4' title="bbox 670 933 1520 1036; baseline 0.002 -35"><span class='ocrx_word' id='word_1_9' title='bbox 670 933 754 1002; x_wconf 91' lang='lat' dir='ltr'>ni&#39;ter</span> <span class='ocrx_word' id='word_1_10' title='bbox 777 933 906 1005; x_wconf 86' lang='lat' dir='ltr'>asserere</span> <span class='ocrx_word' id='word_1_11' title='bbox 934 954 998 1000; x_wconf 93' lang='lat' dir='ltr'>non</span> <span class='ocrx_word' id='word_1_12' title='bbox 1029 953 1178 1002; x_wconf 87' lang='lat' dir='ltr'>verentur</span> <span class='ocrx_word' id='word_1_13' title='bbox 1202 933 1347 1034; x_wconf 81' lang='lat' dir='ltr'>putidum</span> <span class='ocrx_word' id='word_1_14' title='bbox 1367 959 1427 1036; x_wconf 71' lang='lat' dir='ltr'>pa.</span> <span class='ocrx_word' id='word_1_15' title='bbox 1519 1003 1520 1012; x_wconf 66' lang='grc'>,</span> 
     </span>
    </p>
   </div>
   <div class='ocr_carea' id='block_1_5' title="bbox 552 1019 1430 1717">
    <p class='ocr_par' dir='ltr' id='par_1_5' title="bbox 553 1019 1426 1196">
     <span class='ocr_line' id='line_1_5' title="bbox 553 1019 1426 1122; baseline 0.002 -32"><span class='ocrx_word' id='word_1_16' title='bbox 553 1019 761 1122; x_wconf 75' lang='lat' dir='ltr'>rologismpm</span> <span class='ocrx_word' id='word_1_17' title='bbox 784 1040 944 1121; x_wconf 83' lang='lat' dir='ltr'>apertam,</span> <span class='ocrx_word' id='word_1_18' title='bbox 966 1019 1130 1108; x_wconf 86' lang='lat' dir='ltr'>siSuperis</span> <span class='ocrx_word' id='word_1_19' title='bbox 1153 1020 1282 1107; x_wconf 86' lang='lat' dir='ltr'>placet,</span> <span class='ocrx_word' id='word_1_20' title='bbox 1305 1045 1426 1112; x_wconf 81' lang='lat' dir='ltr'>princi.</span> 
     </span>
     <span class='ocr_line' id='line_1_6' title="bbox 556 1126 1084 1196; baseline -0.002 -22"><span class='ocrx_word' id='word_1_21' title='bbox 556 1131 603 1196; x_wconf 90' lang='lat' dir='ltr'>pri</span> <span class='ocrx_word' id='word_1_22' title='bbox 627 1128 819 1194; x_wconf 77' lang='lat' dir='ltr'>petitionem</span> <span class='ocrx_word' id='word_1_23' title='bbox 843 1126 1084 1178; x_wconf 83' lang='lat' dir='ltr'>continentem.</span> 
     </span>
    </p>

    <p class='ocr_par' dir='ltr' id='par_1_6' title="bbox 552 1193 1430 1717">
     <span class='ocr_line' id='line_1_7' title="bbox 598 1193 1428 1294; baseline 0 -30"><span class='ocrx_word' id='word_1_24' title='bbox 598 1197 659 1265; x_wconf 86' lang='lat' dir='ltr'>Sed</span> <span class='ocrx_word' id='word_1_25' title='bbox 690 1195 752 1269; x_wconf 85' lang='lat' dir='ltr'>hoc</span> <span class='ocrx_word' id='word_1_26' title='bbox 782 1219 822 1270; x_wconf 81' lang='lat' dir='ltr'>ex</span> <span class='ocrx_word' id='word_1_27' title='bbox 845 1197 1022 1283; x_wconf 77' lang='lat' dir='ltr'>praepostera</span> <span class='ocrx_word' id='word_1_28' title='bbox 1044 1193 1090 1263; x_wconf 86' lang='lat' dir='ltr'>rei</span> <span class='ocrx_word' id='word_1_29' title='bbox 1118 1193 1329 1294; x_wconf 78' lang='lat' dir='ltr'>intelligentia</span> <span class='ocrx_word' id='word_1_30' title='bbox 1355 1219 1428 1283; x_wconf 82' lang='lat' dir='ltr'>pro·</span> 
     </span>
     <span class='ocr_line' id='line_1_8' title="bbox 555 1278 1430 1369; baseline -0.002 -17"><span class='ocrx_word' id='word_1_31' title='bbox 555 1282 668 1352; x_wconf 85' lang='lat' dir='ltr'>cedere</span> <span class='ocrx_word' id='word_1_32' title='bbox 690 1282 890 1369; x_wconf 86' lang='lat' dir='ltr'>perspicuum</span> <span class='ocrx_word' id='word_1_33' title='bbox 914 1283 974 1351; x_wconf 87' lang='lat' dir='ltr'>est.</span> <span class='ocrx_word' id='word_1_34' title='bbox 999 1278 1162 1349; x_wconf 86' lang='lat' dir='ltr'>Falluotur</span> <span class='ocrx_word' id='word_1_35' title='bbox 1184 1307 1273 1350; x_wconf 89' lang='lat' dir='ltr'>enim</span> <span class='ocrx_word' id='word_1_36' title='bbox 1296 1281 1330 1349; x_wconf 92' lang='lat' dir='ltr'>in</span> <span class='ocrx_word' id='word_1_37' title='bbox 1353 1306 1393 1350; x_wconf 89' lang='lat' dir='ltr'>eo</span> <span class='ocrx_word' id='word_1_38' title='bbox 1418 1332 1430 1366; x_wconf 90' lang='lat'>,</span> 
     </span>
     <span class='ocr_line' id='line_1_9' title="bbox 552 1367 1428 1456; baseline 0 -18"><span class='ocrx_word' id='word_1_39' title='bbox 552 1371 637 1456; x_wconf 88' lang='lat' dir='ltr'>quod</span> <span class='ocrx_word' id='word_1_40' title='bbox 654 1369 853 1451; x_wconf 84' lang='lat' dir='ltr'>existimant,</span> <span class='ocrx_word' id='word_1_41' title='bbox 876 1367 1119 1442; x_wconf 78' lang='lat' dir='ltr'>nosPrudentiae</span> <span class='ocrx_word' id='word_1_42' title='bbox 1142 1369 1300 1436; x_wconf 85' lang='lat' dir='ltr'>rationein</span> <span class='ocrx_word' id='word_1_43' title='bbox 1321 1369 1428 1438; x_wconf 76' lang='lat' dir='ltr'>sunie-</span> 
     </span>
     <span class='ocr_line' id='line_1_10' title="bbox 556 1455 1426 1541; baseline 0.001 -16"><span class='ocrx_word' id='word_1_44' title='bbox 556 1480 592 1527; x_wconf 88' lang='lat' dir='ltr'>re</span> <span class='ocrx_word' id='word_1_45' title='bbox 614 1479 652 1524; x_wconf 83' lang='lat' dir='ltr'>er</span> <span class='ocrx_word' id='word_1_46' title='bbox 674 1455 899 1541; x_wconf 81' lang='lat' dir='ltr'>approbatione</span> <span class='ocrx_word' id='word_1_47' title='bbox 925 1456 1117 1524; x_wconf 85' lang='lat' dir='ltr'>Prudentum</span> <span class='ocrx_word' id='word_1_48' title='bbox 1136 1456 1203 1534; x_wconf 53' lang='lat' dir='ltr'>s&amp;</span> <span class='ocrx_word' id='word_1_49' title='bbox 1225 1455 1426 1528; x_wconf 88' lang='lat' dir='ltr'>Prudentum</span> 
     </span>
     <span class='ocr_line' id='line_1_11' title="bbox 556 1541 1426 1631; baseline -0.001 -19"><span class='ocrx_word' id='word_1_50' title='bbox 556 1543 818 1629; x_wconf 77' lang='lat' dir='ltr'>approbationem</span> <span class='ocrx_word' id='word_1_51' title='bbox 842 1563 881 1631; x_wconf 71' lang='lat' dir='ltr'>ex</span> <span class='ocrx_word' id='word_1_52' title='bbox 904 1560 1015 1612; x_wconf 89' lang='lat' dir='ltr'>natura</span> <span class='ocrx_word' id='word_1_53' title='bbox 1040 1541 1105 1628; x_wconf 91' lang='lat' dir='ltr'>ipsa</span> <span class='ocrx_word' id='word_1_54' title='bbox 1129 1541 1334 1612; x_wconf 74' lang='lat' dir='ltr'>Prudentia.</span> <span class='ocrx_word' id='word_1_55' title='bbox 1374 1544 1426 1611; x_wconf 88' lang='lat' dir='ltr'>Ad</span> 
     </span>
     <span class='ocr_line' id='line_1_12' title="bbox 558 1628 1428 1717; baseline 0.002 -21"><span class='ocrx_word' id='word_1_56' title='bbox 558 1628 625 1698; x_wconf 81' lang='lat' dir='ltr'>hoec</span> <span class='ocrx_word' id='word_1_57' title='bbox 648 1628 815 1703; x_wconf 87' lang='lat' dir='ltr'>Prudentis</span> <span class='ocrx_word' id='word_1_58' title='bbox 846 1628 977 1697; x_wconf 83' lang='lat' dir='ltr'>nomine</span> <span class='ocrx_word' id='word_1_59' title='bbox 1008 1630 1225 1717; x_wconf 88' lang='lat' dir='ltr'>quoscumque</span> <span class='ocrx_word' id='word_1_60' title='bbox 1257 1629 1295 1696; x_wconf 87' lang='lat' dir='ltr'>de</span> <span class='ocrx_word' id='word_1_61' title='bbox 1328 1630 1428 1698; x_wconf 90' lang='lat' dir='ltr'>trivio</span> 
     </span>
    </p>
   </div>
   <div class='ocr_carea' id='block_1_6' title="bbox 556 1713 1521 1816">
    <p class='ocr_par' dir='ltr' id='par_1_7' title="bbox 556 1713 1521 1816">
     <span class='ocr_line' id='line_1_13' title="bbox 556 1713 1521 1816; baseline 0.002 -34"><span class='ocrx_word' id='word_1_62' title='bbox 556 1713 770 1801; x_wconf 77' lang='lat' dir='ltr'>Magistellos‚</span> <span class='ocrx_word' id='word_1_63' title='bbox 793 1738 858 1784; x_wconf 90' lang='lat' dir='ltr'>non</span> <span class='ocrx_word' id='word_1_64' title='bbox 882 1717 1040 1788; x_wconf 71' lang='lat' dir='ltr'>notiores</span> <span class='ocrx_word' id='word_1_65' title='bbox 1062 1716 1203 1783; x_wconf 89' lang='lat' dir='ltr'>summos</span> <span class='ocrx_word' id='word_1_66' title='bbox 1215 1763 1232 1797; x_wconf 28' lang='lat' dir='ltr'>i,</span> <span class='ocrx_word' id='word_1_67' title='bbox 1263 1715 1296 1782; x_wconf 89' lang='lat'>&amp;</span> <span class='ocrx_word' id='word_1_68' title='bbox 1318 1739 1430 1816; x_wconf 71' lang='lat' dir='ltr'>aippro-</span> <span class='ocrx_word' id='word_1_69' title='bbox 1520 1725 1521 1740; x_wconf 64' lang='lat'>¹</span> 
     </span>
    </p>
   </div>
   <div class='ocr_carea' id='block_1_7' title="bbox 555 1801 1431 2151">
    <p class='ocr_par' dir='ltr' id='par_1_8' title="bbox 555 1801 1431 2151">
     <span class='ocr_line' id='line_1_14' title="bbox 555 1801 1431 1886; baseline -0.001 -15"><span class='ocrx_word' id='word_1_70' title='bbox 555 1802 645 1871; x_wconf 77' lang='lat' dir='ltr'>batos</span> <span class='ocrx_word' id='word_1_71' title='bbox 669 1825 688 1870; x_wconf 87' lang='lat' dir='ltr'>a</span> <span class='ocrx_word' id='word_1_72' title='bbox 705 1803 812 1871; x_wconf 82' lang='lat' dir='ltr'>Nobis</span> <span class='ocrx_word' id='word_1_73' title='bbox 830 1801 851 1868; x_wconf 92' lang='lat' dir='ltr'>si</span> <span class='ocrx_word' id='word_1_74' title='bbox 875 1802 1015 1874; x_wconf 85' lang='lat' dir='ltr'>nificari.</span> <span class='ocrx_word' id='word_1_75' title='bbox 1047 1805 1135 1886; x_wconf 80' lang='lat' dir='ltr'>Quae&#39;</span> <span class='ocrx_word' id='word_1_76' title='bbox 1148 1825 1224 1870; x_wconf 83' lang='lat' dir='ltr'>cuin</span> <span class='ocrx_word' id='word_1_77' title='bbox 1239 1825 1348 1871; x_wconf 85' lang='lat' dir='ltr'>omma</span> <span class='ocrx_word' id='word_1_78' title='bbox 1367 1802 1431 1870; x_wconf 83' lang='lat' dir='ltr'>sal·</span> 
     </span>
     <span class='ocr_line' id='line_1_15' title="bbox 559 1825 1425 1990; baseline 0.002 -32"><span class='ocrx_word' id='word_1_79' title='bbox 559 1888 590 1958; x_wconf 85' lang='lat' dir='ltr'>sa</span> <span class='ocrx_word' id='word_1_80' title='bbox 613 1887 691 1971; x_wconf 82' lang='lat' dir='ltr'>sint,</span> <span class='ocrx_word' id='word_1_81' title='bbox 713 1907 748 1959; x_wconf 92' lang='lat' dir='ltr'>ut</span> <span class='ocrx_word' id='word_1_82' title='bbox 770 1825 927 1958; x_wconf 69' lang='lat' dir='ltr'>exScbol.</span> <span class='ocrx_word' id='word_1_83' title='bbox 946 1913 974 1956; x_wconf 86' lang='lat'>2.</span> <span class='ocrx_word' id='word_1_84' title='bbox 997 1886 1070 1988; x_wconf 56' lang='lat' dir='ltr'>pes.</span> <span class='ocrx_word' id='word_1_85' title='bbox 1083 1892 1133 1956; x_wconf 82' lang='lat'>26.</span> <span class='ocrx_word' id='word_1_86' title='bbox 1149 1911 1220 1973; x_wconf 90' lang='lat'>27.‚</span> <span class='ocrx_word' id='word_1_87' title='bbox 1243 1913 1281 1990; x_wconf 78' lang='lat' dir='ltr'>er</span> <span class='ocrx_word' id='word_1_88' title='bbox 1299 1891 1359 1958; x_wconf 80' lang='lat' dir='ltr'>Ax.</span> <span class='ocrx_word' id='word_1_89' title='bbox 1374 1895 1425 1960; x_wconf 84' lang='lat'>16.</span> 
     </span>
     <span class='ocr_line' id='line_1_16' title="bbox 560 1973 1427 2132; baseline 0 -86"><span class='ocrx_word' id='word_1_90' title='bbox 560 1999 633 2061; x_wconf 86' lang='lat'>17.‚</span> <span class='ocrx_word' id='word_1_91' title='bbox 654 1998 833 2076; x_wconf 65' lang='lat' dir='ltr'>eorumque</span> <span class='ocrx_word' id='word_1_92' title='bbox 858 1973 1063 2075; x_wconf 73' lang='lat' dir='ltr'>corallinis,</span> <span class='ocrx_word' id='word_1_93' title='bbox 1081 1977 1120 2074; x_wconf 26' lang='grc' dir='ltr'>,δι</span> <span class='ocrx_word' id='word_1_94' title='bbox 1142 1975 1301 2099; x_wconf 65' lang='lat' dir='ltr'>sedulio,</span> <span class='ocrx_word' id='word_1_95' title='bbox 1331 1997 1427 2132; x_wconf 51' lang='lat' dir='ltr'>atauo</span> 
     </span>
     <span class='ocr_line' id='line_1_17' title="bbox 557 2059 1428 2151; baseline 0.007 -23"><span class='ocrx_word' id='word_1_96' title='bbox 557 2085 597 2129; x_wconf 82' lang='lat' dir='ltr'>ex</span> <span class='ocrx_word' id='word_1_97' title='bbox 621 2059 692 2130; x_wconf 79' lang='lat' dir='ltr'>alita</span> <span class='ocrx_word' id='word_1_98' title='bbox 714 2062 794 2137; x_wconf 84' lang='lat' dir='ltr'>bene</span> <span class='ocrx_word' id='word_1_99' title='bbox 819 2061 930 2130; x_wconf 88' lang='lat' dir='ltr'>multis</span> <span class='ocrx_word' id='word_1_100' title='bbox 964 2061 1041 2132; x_wconf 85' lang='lat' dir='ltr'>locis</span> <span class='ocrx_word' id='word_1_101' title='bbox 1066 2061 1196 2151; x_wconf 88' lang='lat' dir='ltr'>liquet,</span> <span class='ocrx_word' id='word_1_102' title='bbox 1224 2082 1325 2132; x_wconf 85' lang='lat' dir='ltr'>etiam</span> <span class='ocrx_word' id='word_1_103' title='bbox 1344 2089 1358 2132; x_wconf 90' lang='lat' dir='ltr'>i</span> <span class='ocrx_word' id='word_1_104' title='bbox 1386 2089 1428 2135; x_wconf 85' lang='lat' dir='ltr'>uc</span> 
     </span>
    </p>
   </div>
   <div class='ocr_carea' id='block_1_8' title="bbox 559 2147 1429 2307">
    <p class='ocr_par' dir='ltr' id='par_1_9' title="bbox 559 2147 1429 2307">
     <span class='ocr_line' id='line_1_18' title="bbox 559 2147 1429 2307; baseline 0.007 -93"><span class='ocrx_word' id='word_1_105' title='bbox 559 2147 692 2307; x_wconf 57' lang='lat' dir='ltr'>ilsum’</span> <span class='ocrx_word' id='word_1_106' title='bbox 723 2149 808 2238; x_wconf 88' lang='lat' dir='ltr'>quod</span> <span class='ocrx_word' id='word_1_107' title='bbox 829 2148 1086 2226; x_wconf 81' lang='lat' dir='ltr'>Probabilioristae</span> <span class='ocrx_word' id='word_1_108' title='bbox 1112 2151 1220 2247; x_wconf 84' lang='lat' dir='ltr'>passim</span> <span class='ocrx_word' id='word_1_109' title='bbox 1249 2151 1429 2272; x_wconf 78' lang='lat' dir='ltr'>affirmant,</span> 
     </span>
    </p>
   </div>
   <div class='ocr_carea' id='block_1_9' title="bbox 571 2233 1278 2484">
    <p class='ocr_par' dir='ltr' id='par_1_10' title="bbox 571 2233 1278 2484">
     <span class='ocr_line' id='line_1_19' title="bbox 593 2233 756 2312; baseline 0.055 -9"><span class='ocrx_word' id='word_1_110' title='bbox 593 2233 756 2312; x_wconf 74' lang='lat' dir='ltr'>rinnel,</span> 
     </span>
     <span class='ocr_line' id='line_1_20' title="bbox 571 2367 1278 2484; baseline -0.003 0"><span class='ocrx_word' id='word_1_111' title='bbox 571 2367 598 2468; x_wconf 70' lang='lat' dir='ltr'><em>s</em></span> <span class='ocrx_word' id='word_1_112' title='bbox 708 2413 1278 2484; x_wconf 67' lang='lat' dir='ltr'>rnorosiriou.</span> 
     </span>
    </p>
   </div>
   <div class='ocr_carea' id='block_1_10' title="bbox 556 2579 1432 2832">
    <p class='ocr_par' dir='ltr' id='par_1_11' title="bbox 556 2579 1432 2832">
     <span class='ocr_line' id='line_1_21' title="bbox 560 2579 1428 2744; baseline 0.005 -90"><span class='ocrx_word' id='word_1_113' title='bbox 560 2579 654 2744; x_wconf 45' lang='lat' dir='ltr'>IN·</span> <span class='ocrx_word' id='word_1_114' title='bbox 670 2585 904 2658; x_wconf 83' lang='lat' dir='ltr'>Probabilismo</span> <span class='ocrx_word' id='word_1_115' title='bbox 927 2588 1107 2678; x_wconf 85' lang='lat' dir='ltr'>ignorantia</span> <span class='ocrx_word' id='word_1_116' title='bbox 1131 2587 1331 2660; x_wconf 88' lang='lat' dir='ltr'>invincibilis</span> <span class='ocrx_word' id='word_1_117' title='bbox 1353 2611 1428 2658; x_wconf 85' lang='lat' dir='ltr'>oin-</span> 
     </span>
     <span class='ocr_line' id='line_1_22' title="bbox 622 2675 1432 2768; baseline 0.016 -30"><span class='ocrx_word' id='word_1_118' title='bbox 622 2695 700 2743; x_wconf 85' lang='lat' dir='ltr'>ntno</span> <span class='ocrx_word' id='word_1_119' title='bbox 724 2675 872 2744; x_wconf 78' lang='lat' dir='ltr'>excusant</span> <span class='ocrx_word' id='word_1_120' title='bbox 907 2697 1086 2768; x_wconf 84' lang='lat' dir='ltr'>apeccato</span> <span class='ocrx_word' id='word_1_121' title='bbox 1123 2676 1250 2750; x_wconf 81' lang='lat' dir='ltr'>formali</span> <span class='ocrx_word' id='word_1_122' title='bbox 1284 2678 1432 2750; x_wconf 84' lang='lat' dir='ltr'>contine·</span> 
     </span>
     <span class='ocr_line' id='line_1_23' title="bbox 556 2777 812 2832; baseline -0.02 1"><span class='ocrx_word' id='word_1_123' title='bbox 556 2777 634 2832; x_wconf 77' lang='lat' dir='ltr'>tur.</span> <span class='ocrx_word' id='word_1_124' title='bbox 808 2785 812 2793; x_wconf 94' lang='grc'><strong>’</strong></span> 
     </span>
    </p>
   </div>
   <div class='ocr_carea' id='block_1_11' title="bbox 790 2938 1200 3011">
    <p class='ocr_par' dir='ltr' id='par_1_12' title="bbox 790 2938 1200 3011">
     <span class='ocr_line' id='line_1_24' title="bbox 790 2938 1200 3011; baseline 0.02 -8"><span class='ocrx_word' id='word_1_125' title='bbox 790 2938 1200 3011; x_wconf 84' lang='lat' dir='ltr'><strong><em>SCHOLIUM.</em></strong></span> 
     </span>
    </p>
   </div>
   <div class='ocr_carea' id='block_1_12' title="bbox 557 3109 1434 3378">
    <p class='ocr_par' dir='ltr' id='par_1_13' title="bbox 557 3109 1434 3378">
     <span class='ocr_line' id='line_1_25' title="bbox 668 3109 1432 3206; baseline 0.008 -30"><span class='ocrx_word' id='word_1_126' title='bbox 668 3111 723 3177; x_wconf 85' lang='lat' dir='ltr'>Oc</span> <span class='ocrx_word' id='word_1_127' title='bbox 749 3109 793 3180; x_wconf 90' lang='lat' dir='ltr'>est</span> <span class='ocrx_word' id='word_1_128' title='bbox 819 3110 999 3200; x_wconf 81' lang='lat' dir='ltr'>ignorantia</span> <span class='ocrx_word' id='word_1_129' title='bbox 1022 3115 1310 3188; x_wconf 69' lang='lat' dir='ltr'>invincibilium</span> <span class='ocrx_word' id='word_1_130' title='bbox 1330 3113 1432 3206; x_wconf 77' lang='lat' dir='ltr'>phyfi·</span> 
     </span>
     <span class='ocr_line' id='line_1_26' title="bbox 680 3201 1434 3294; baseline 0.012 -31"><span class='ocrx_word' id='word_1_131' title='bbox 680 3223 737 3280; x_wconf 88' lang='lat' dir='ltr'>ce,</span> <span class='ocrx_word' id='word_1_132' title='bbox 758 3221 855 3287; x_wconf 85' lang='lat' dir='ltr'>quam</span> <span class='ocrx_word' id='word_1_133' title='bbox 878 3202 1027 3268; x_wconf 82' lang='lat' dir='ltr'>moraliter</span> <span class='ocrx_word' id='word_1_134' title='bbox 1053 3201 1129 3275; x_wconf 90' lang='lat' dir='ltr'>licet</span> <span class='ocrx_word' id='word_1_135' title='bbox 1151 3205 1300 3294; x_wconf 50' lang='lat' dir='ltr'>provisam</span> <span class='ocrx_word' id='word_1_136' title='bbox 1340 3207 1434 3273; x_wconf 89' lang='lat' dir='ltr'>Nam</span> 
     </span>
     <span class='ocr_line' id='line_1_27' title="bbox 557 3283 1433 3378; baseline 0.005 -24"><span class='ocrx_word' id='word_1_137' title='bbox 557 3283 699 3366; x_wconf 82' lang='lat' dir='ltr'>constat,</span> <span class='ocrx_word' id='word_1_138' title='bbox 723 3283 758 3350; x_wconf 94' lang='lat' dir='ltr'>in</span> <span class='ocrx_word' id='word_1_139' title='bbox 775 3309 813 3354; x_wconf 92' lang='lat' dir='ltr'>eo</span> <span class='ocrx_word' id='word_1_140' title='bbox 832 3285 870 3355; x_wconf 94' lang='lat' dir='ltr'>de</span> <span class='ocrx_word' id='word_1_141' title='bbox 892 3288 1051 3374; x_wconf 82' lang='lat' dir='ltr'>pravitate</span> <span class='ocrx_word' id='word_1_142' title='bbox 1068 3292 1264 3378; x_wconf 85' lang='lat' dir='ltr'>operationis</span> <span class='ocrx_word' id='word_1_143' title='bbox 1281 3291 1347 3360; x_wconf 88' lang='lat' dir='ltr'>dari</span> <span class='ocrx_word' id='word_1_144' title='bbox 1367 3313 1433 3358; x_wconf 90' lang='lat' dir='ltr'>non</span> 
     </span>
    </p>
   </div>
   <div class='ocr_carea' id='block_1_13' title="bbox 559 3366 1437 3463">
    <p class='ocr_par' dir='ltr' id='par_1_14' title="bbox 559 3366 1437 3463">
     <span class='ocr_line' id='line_1_28' title="bbox 559 3366 1437 3463; baseline 0.011 -29"><span class='ocrx_word' id='word_1_145' title='bbox 559 3366 665 3437; x_wconf 88' lang='lat' dir='ltr'>solum</span> <span class='ocrx_word' id='word_1_146' title='bbox 693 3369 904 3457; x_wconf 83' lang='lat' dir='ltr'>suspicionem</span> <span class='ocrx_word' id='word_1_147' title='bbox 932 3373 1072 3462; x_wconf 86' lang='lat' dir='ltr'>aliquam</span> <span class='ocrx_word' id='word_1_148' title='bbox 1099 3425 1110 3460; x_wconf 90' lang='lat'>,</span> <span class='ocrx_word' id='word_1_149' title='bbox 1143 3379 1332 3463; x_wconf 88' lang='lat' dir='ltr'>timorem,</span> <span class='ocrx_word' id='word_1_150' title='bbox 1362 3376 1437 3444; x_wconf 87' lang='lat' dir='ltr'>sini·</span> 
     </span>
    </p>
   </div>
   <div class='ocr_carea' id='block_1_14' title="bbox 559 3454 1436 3633">
    <p class='ocr_par' dir='ltr' id='par_1_15' title="bbox 559 3454 1436 3633">
     <span class='ocr_line' id='line_1_29' title="bbox 560 3454 1436 3553; baseline 0.01 -31"><span class='ocrx_word' id='word_1_151' title='bbox 560 3454 679 3553; x_wconf 78' lang='lat' dir='ltr'>plieem</span> <span class='ocrx_word' id='word_1_152' title='bbox 711 3458 1015 3553; x_wconf 77' lang='lat' dir='ltr'>apprehensionem,</span> <span class='ocrx_word' id='word_1_153' title='bbox 1047 3479 1101 3530; x_wconf 92' lang='lat' dir='ltr'>aut</span> <span class='ocrx_word' id='word_1_154' title='bbox 1139 3465 1335 3550; x_wconf 89' lang='lat' dir='ltr'>probabilem</span> <span class='ocrx_word' id='word_1_155' title='bbox 1364 3463 1436 3550; x_wconf 72' lang='lat' dir='ltr'>opi⁴</span> 
     </span>
     <span class='ocr_line' id='line_1_30' title="bbox 559 3547 1430 3633; baseline 0.008 -24"><span class='ocrx_word' id='word_1_156' title='bbox 559 3564 692 3613; x_wconf 81' lang='lat' dir='ltr'>monem</span> <span class='ocrx_word' id='word_1_157' title='bbox 713 3562 804 3628; x_wconf 75' lang='lat' dir='ltr'>iuxta</span> <span class='ocrx_word' id='word_1_158' title='bbox 820 3568 857 3619; x_wconf 88' lang='lat' dir='ltr'>ea</span> <span class='ocrx_word' id='word_1_159' title='bbox 878 3593 889 3630; x_wconf 83' lang='lat'>‚</span> <span class='ocrx_word' id='word_1_160' title='bbox 911 3569 979 3633; x_wconf 76' lang='lat' dir='ltr'>qua</span> <span class='ocrx_word' id='word_1_161' title='bbox 996 3547 1162 3620; x_wconf 81' lang='lat' dir='ltr'>docuimus</span> <span class='ocrx_word' id='word_1_162' title='bbox 1181 3551 1216 3622; x_wconf 90' lang='lat' dir='ltr'>in</span> <span class='ocrx_word' id='word_1_163' title='bbox 1234 3552 1341 3624; x_wconf 87' lang='lat' dir='ltr'>Schol.</span> <span class='ocrx_word' id='word_1_164' title='bbox 1354 3551 1430 3620; x_wconf 84' lang='lat' dir='ltr'>Des.</span> 
     </span>
    </p>
   </div>
   <div class='ocr_carea' id='block_1_15' title="bbox 1321 3659 1393 3724">
    <p class='ocr_par' dir='ltr' id='par_1_16' title="bbox 1321 3659 1393 3724">
     <span class='ocr_line' id='line_1_31' title="bbox 1321 3659 1393 3724; baseline 0 0"><span class='ocrx_word' id='word_1_165' title='bbox 1321 3659 1393 3724; x_wconf 75' lang='lat'>44⁰²</span> 
     </span>
    </p>
   </div>
   <div class='ocr_carea' id='block_1_16' title="bbox 1519 3601 1522 3750">
    <p class='ocr_par' dir='ltr' id='par_1_17' title="bbox 1519 3601 1522 3754">
     <span class='ocr_line' id='line_1_32' title="bbox 1519 3601 1522 3750; baseline 0 2"><span class='ocrx_word' id='word_1_166' title='bbox 1519 3601 1522 3750; x_wconf 92' lang='lat' dir='ltr'>l</span> 
     </span>
    </p>
   </div>
   <div class='ocr_carea' id='block_1_17' title="bbox 0 0 1606 4592">
    <p class='ocr_par' dir='ltr' id='par_1_18' title="bbox 0 0 1606 4592">
     <span class='ocr_line' id='line_1_33' title="bbox 0 0 1606 4592; baseline 0 0"><span class='ocrx_word' id='word_1_167' title='bbox 0 0 1606 4592; x_wconf 95' lang='lat' dir='ltr'> </span> 
     </span>
    </p>
   </div>
  </div>
 </body>
</html>
