3192 4592
296 498 865 572 Mum.mrm.utu0mr.1².11.
920 513 978 609 apr
1029 519 1033 524 ·

151 633 261 726 genii,
283 657 379 722 quam
395 630 545 702 veritatis
567 630 786 718 excogitatum
809 630 1024 714 existimetur,

151 747 215 810 qua
236 724 361 792 ratione
388 743 499 790 verum
525 719 583 788 esse
609 719 701 804 poffit
722 718 946 806 explicandum
962 719 1024 787 esl.

152 814 220 879 Cur
252 810 351 898 igitur
381 809 444 878 hoc
475 808 539 885 fiatv
561 805 695 887 (etiam
720 829 761 874 eo
793 806 1025 894 praetermisso,

150 897 234 983 quod
262 900 385 984 possunt
412 897 566 975 Auslores
597 893 650 963 vel
675 893 788 962 docere
816 892 1025 962 contrudislo·

147 984 213 1068 ria,
237 986 290 1053 vel
313 984 505 1056 sententiam
532 998 679 1061 mutare,
703 981 756 1050 vel
775 981 887 1067 docere
911 979 1022 1066 proba·

151 1070 262 1139 biliter
287 1093 474 1156 utrumque,
497 1067 548 1137 vel
566 1093 621 1156 pro
640 1068 708 1152 his,
731 1085 787 1136 aut
804 1066 871 1134 illis
887 1068 1025 1136 circum·
1096 1125 1099 1130 .

150 1159 273 1227 stantiis
299 1159 469 1230 secundum
495 1175 663 1246 utrumque
688 1154 895 1244 respondere)
918 1177 1024 1223 rerum

150 1246 320 1315 moralium
339 1248 444 1336 primo
461 1246 676 1326 incertitudo,
693 1268 728 1312 uc
746 1241 935 1324 difficultas,
952 1259 1024 1309 tunt

150 1333 269 1400 mentis
293 1333 474 1418 diversrtas,
503 1356 540 1402 ac
567 1331 794 1414 imbecillitas,
819 1329 910 1417 ipsius
933 1330 1023 1397 deni-

148 1441 208 1506 que
224 1421 456 1507 opinabilitatis
474 1437 584 1488 natura
601 1420 634 1487 in
652 1419 819 1490 causaest.
837 1419 924 1485 Cum
935 1416 1023 1484 enim

150 1507 411 1578 Probabilioritas
429 1531 493 1575 non
510 1507 548 1576 stt
567 1507 678 1592 realis,
701 1505 861 1588 absoluta,
884 1505 918 1572 ἃ
934 1504 1023 1584 obje-

146 1593 250 1678 slim,
269 1597 321 1664 sed
338 1596 524 1678 subjeffiva,
542 1619 708 1683 apparens,
726 1595 759 1662 δι
776 1591 970 1680 respelliva(
990 1597 1022 1674 ),
1060 1600 1123 1682 (a)
1134 1614 1189 1686 per

148 1679 203 1746 hic
230 1682 462 1764 probabilitatis
484 1687 620 1751 excelsus
651 1683 824 1750 obierum
853 1679 1023 1748 incertitu·
1059 1687 1127 1755 Cor,
1150 1707 1182 1770 4.

148 1765 278 1847 dinem,
301 1769 336 1835 δι
359 1768 614 1852 obscuritatem,
644 1770 867 1858 mentiumque
889 1770 1023 1836 varieta·
1058 1777 1203 1863 suppio.

149 1869 236 1934 tem,
258 1854 293 1919 ὅ(
309 1852 576 1922 infirmitudinem
594 1853 650 1920 vix
667 1855 813 1940 cognosci
832 1856 1021 1940 potest(b):
1054 1879 1087 1949 p.
1095 1880 1152 1949 p„

147 1961 284 2024 cumque
307 1940 391 2007 unus
409 1939 515 2026 uisque
534 1941 655 2008 nostor
680 1940 745 2006 suas
763 1941 933 2006 sententias
952 1959 1022 2008 tan·
1059 1948 1123 2030 (b)
1139 1966 1189 2038 per

101 2059 104 2063 ·
148 2047 243 2112 quam
266 1965 492 2113 probabiliores
510 2043 637 2094 tueatur
655 2028 744 2107 (c),
767 2024 843 2092 hinc
863 2026 920 2107 fit,
935 2027 1020 2111 quod
1057 2035 1185 2104 δεύρω,

149 2113 326 2198 generatim
356 2114 515 2202 quidem,
546 2111 746 2183 &universe
772 2112 836 2181 esse
866 2111 1021 2199 sequenda
1056 2120 1181 2206 Defizfi,

148 2198 356 2352 probabiliora
373 2201 485 2286 facile,
508 2198 673 2288 speciatim
696 2212 791 2279 uero,
814 2199 848 2269 δι
871 2197 906 2268 itt
963 2223 1020 2280 cu,
1059 2229 1182 2291 27.n.4.

163 2285 278 2354 laribus
300 2288 483 2357 difficilibus
513 2287 628 2356 casibus
650 2287 728 2375 quid
759 2285 798 2356 stt
829 2287 922 2374 proba
945 2285 1019 2355 ilius
1035 2367 1037 2371 ,
1056 2297 1121 2376 (c)
1135 2313 1186 2382 per

136 2373 377 2460 determinate,
400 2376 578 2463 hocopus,
601 2375 654 2443 hic
677 2374 766 2445 labor
786 2374 859 2442 est.
891 2375 1018 2444 Praeseu
1054 2383 1202 2470 suppio.

147 2461 210 2528 rim
233 2462 287 2530 ubi
313 2465 464 2533 Doslores
486 2461 676 2551 approbati,
709 2487 745 2532 ac
769 2460 906 2549 magni,
937 2485 970 2530 vr
988 2485 1017 2551 g.
1052 2485 1122 2557 pp,

147 2550 178 2616 S.
198 2549 364 2635 Thomas,
387 2555 417 2620 S.
436 2554 574 2634 Bonam,
596 2553 730 2634 Scotus,
749 2549 899 2636 *AEgidius
924 2549 988 2618 &c'.
1002 2561 1017 2616 'a

147 2655 224 2735 cuna
248 2637 425 2706 rationibus
454 2638 572 2726 pariter
601 2638 725 2726 magnis
756 2636 843 2706 iuter
865 2635 926 2706 sese
956 2635 1020 2704 dis·

144 2724 318 2796 sentientes
341 2725 575 2796 inveniuntur.
606 2729 714 2811 Quare
745 2745 821 2794 cum
851 2724 891 2792 ad
919 2722 1018 2794 bosoe

145 2811 229 2880 casus
250 2812 427 2882 deventum
450 2813 510 2898 est,
533 2829 570 2884 ut
592 2813 657 2882 dici
678 2811 778 2896 solet,
802 2809 1020 2898 aquultaeret,

146 2921 248 2986 neque
278 2921 423 2989 quanam
445 2923 483 2970 ex
515 2900 634 2970 duabus
665 2899 924 2970 contradistoriis
952 2919 1020 2984 pars

147 2983 293 3072 eligenda
314 2988 372 3072 fit,
394 2989 433 3058 tle
455 2987 542 3057 lucili
565 2987 769 3058 determinari
802 2983 1019 3054 otest.·Unde
1056 2995 1061 3004 '
1095 2987 1098 2994 ’

147 3087 228 3140 tunc
252 3096 319 3143 rem
349 3075 436 3144 otius
459 3078 624 3164 opinando,
646 3011 897 3161 quamalerendo
911 3068 1021 3139 transtu

147 3179 218 3244 gere
228 3183 303 3230 nece
325 3164 414 3232 eesl.
429 3165 527 3247 Quod
536 3164 593 3245 fit,
603 3159 655 3229 vel
664 3157 891 3246 problematice
901 3175 1019 3226 utram·

146 3264 210 3330 que
231 3268 351 3331 partem
374 3249 531 3332 adduffls,
554 3271 589 3318 ac
606 3246 723 3316 'solutis
745 3265 877 3331 contra,
897 3267 1019 3334 -proque

149 3329 323 3428 rationibus
337 3337 475 3427 expresse
491 3331 711 3418 defendend03
728 3333 781 3404 vel
798 3332 943 3424 allegatis
961 3342 1017 3402 aul

150 3417 225 3519 solis
245 3422 450 3518 sationibus,
472 3442 526 3492 aut
545 3423 621 3492 solis
639 3422 705 3492 live
727 3419 853 3506 tacite,
875 3419 937 3490 slve
960 3443 1017 3488 no·

146 3512 540 3597 manummissoribus,
568 3529 738 3600 utrumque
767 3527 890 3598 partem
919 3509 1019 3578 ineo
1111 3511 1135 3556 '·
1182 3541 1184 3550 ¹

146 3595 227 3666 statu
254 3592 465 3689 colloquendo
491 3643 504 3684 ,
513 3598 679 3754 Ἱῃὶὴὶἰςυε
706 3601 747 3683 tle
768 3597 824 3667 mo
851 3595 1017 3751 aldfrido:

592 3711 610 3757 2
912 3707 962 3755 rve
