3192 4592
563 453 606 531 et
713 459 1239 538 Puor‚aurcrs·rrus;

564 761 766 851 Promulgatio
789 715 946 848 Legiiest
974 758 1164 848 publicatio,
1188 760 1241 830 seu
1264 755 1390 826 denno*
1510 832 1511 835 Ἴ

523 851 719 936 ciatio‚.per
738 871 834 936 quam
856 847 921 929 ejus
946 847 1137 932 existentia,
1167 847 1202 915 δι
1226 843 1384 932 obligatio
1510 842 1511 857 ¹

523 936 719 1008 innotescere
751 935 862 1020 poffit.

736 1103 1161 1184 cerfolium.

623 1283 747 1354 Urci-:x
771 1279 913 1370 assignari
945 1279 1071 1369 potest,
1102 1279 1298 1363 mehentica,
1329 1275 1383 1345 seu

596 1431 608 1444 ,.
631 1371 768 1458 publica,
794 1368 828 1436 δι
845 1392 902 1433 non
925 1368 1115 1452 authentica,
1136 1370 1190 1438 seu
1212 1367 1362 1462 privata·-
1391 1429 1395 1437 ,
1508 1416 1511 1429 .

570 1480 597 1524 1.
620 1456 835 1526 authenticam
866 1477 949 1522 voco
973 1473 1140 1523 externam
1170 1451 1395 1522 denunciatio·

522 1565 625 1625 nem,
647 1567 715 1630 quae
737 1541 844 1628 aliquo
873 1539 1066 1610 authentico,
1088 1540 1302 1608 Instrumento
1328 1537 1387 1605 fit.

522 1629 619 1715 Quod
641 1627 813 1714 dupliciter
833 1626 1015 1713 contingit,
1037 1650 1112 1695 nem
1157 1629 1323 1713 scriptura,
1349 1623 1386 1691 δι

521 1739 608 1784 voce.
632 1718 817 1800 Utrumque
833 1733 943 1782 autem
955 1711 1110 1782 multimo
1133 1713 1158 1780 is
1180 1712 1248 1781 sieri
1267 1710 1387 1798 potest.

523 1805 616 1870 Nam
638 1803 703 1870 Lex
723 1799 844 1867 Divina
866 1818 960 1870 vetus
980 1822 1032 1885 per
1056 1799 1210 1882 Moysen,
1231 1821 1316 1867 nova
1332 1820 1391 1866 ve·
1507 1854 1509 1863 .

522 1910 559 1956 ro
589 1910 643 1976 per
665 1890 886 1972 Cuprs‘rurr,
909 1909 962 1972 per
988 1883 1178 1973 Apostolos,
1209 1907 1263 1972 per
1288 1884 1390 1953 Pasto-

523 1997 600 2059 res„
630 1995 684 2060 pet
708 1970 927 2040 authenticam
953 1971 1186 2056 Scripturarum
1209 1971 1391 2040 Canonica·
1507 1978 1511 2060 ξ

524 2083 598 2132 rum
623 2056 889 2148 propositionem,
912 2081 948 2126 ac
974 2058 1231 2146 propagationem
1248 2056 1389 2145 promul·

524 2166 598 2235 gata
621 2148 681 2218 est.
708 2147 773 2214 Lex
789 2169 866 2214 vero
883 2146 1033 2212 Humana
1052 2144 1214 2214 Canopica
1231 2161 1284 2232 per
1301 2147 1399 2214 Con-.
1509 2178 1512 2233 ξ

525 2233 620 2316 cilia,
639 2256 691 2320 per
706 2232 764 2314 Jus
782 2230 1003 2314 Canopicum,
1020 2254 1075 2315 per
1092 2231 1287 2300 Pontificum
1304 2234 1392 2300 Con⁴
1510 2254 1512 2291 :

524 2318 724 2400 stitutiones,
746 2341 801 2417 pet
825 2317 984 2385 Pastorum
1008 2319 1173 2386 Decreta:
1197 2316 1315 2387 Civilis
1339 2340 1392 2386 au·

526 2421 594 2474 tem
621 2430 674 2492 per
705 2402 812 2474 Princi
834 2426 889 2472 um
917 2403 1054 2486 Edicta,
1084 2428 1138 2491 per
1160 2405 1242 2485 Juris
1266 2402 1389 2474 Civilis

520 2493 670 2578 Corpus,
693 2515 746 2591 pet
761 2427 963 2559 autlrenticos
984 2491 1187 2577 approbatos,
1208 2510 1312 2579 atque.
1342 2514 1393 2558 ro·
1419 2545 1422 2549 .

527 2577 642 2667 positos
667 2578 807 2661 muros,
829 2599 882 2663 per
908 2577 1065 2647 Praecoues
1084 2625 1095 2661 ,
1117 2578 1180 2650 &c
1214 2516 1395 2667 promulga-

528 2684 607 2736 tur.
731 2734 734 2740 .

571 2751 645 2820 Non
666 2749 868 2820 authenticam
892 2774 974 2820 voco
995 2751 1154 2822 internam
1175 2750 1396 2824 denunciatio·

528 2862 623 2922 nem,
639 2857 708 2926 que
723 2838 760 2905 fit
777 2860 831 2924 per
847 2836 1007 2934 priyatum
1023 2839 1213 2924 discursum,
1231 2861 1397 2928 perquem

528 2925 647 3004 notitia
669 2924 707 2992 de
733 2924 824 3016 legis
855 2923 1047 3010 existentia,
1075 2945 1169 3014 atque
1200 2927 1397 3015 obligatione

528 3012 658 3101 propriae
679 3009 823 3098 cujusque
846 3011 1057 3082 Conscientiae
1079 3013 1275 3101 applicatur.
1397 3083 1401 3088 ,

573 3103 660 3168 Cum
680 3117 789 3168 autem
811 3096 877 3168 haec
907 3098 1110 3169 ratiocinatio
1135 3098 1194 3166 else
1238 3097 1309 3165 olsrt
1338 3096 1398 3165 vel

368 3202 433 3283 (a)
445 3215 499 3286 per
530 3206 634 3268 certa,
654 3185 689 3255 δι
713 3183 863 3266 evidens,
882 3182 938 3252 vel
959 3184 1095 3268 incerta,
1118 3186 1153 3252 ἃ
1167 3122 1295 3251 obsiura
1310 3183 1398 3266 (a);

374 3274 650 3356 sch01,1.idcirco
672 3272 737 3342 haec
761 3275 819 3338 non
841 3269 1010 3350 authentica
1035 3268 1248 3357 promulgatio
1273 3267 1394 3358 duplex

369 3371 491 3462 praed.
532 3361 623 3430 statui
650 3359 765 3445 potest,
788 3377 901 3443 nempe
926 3375 1029 3440 certa„
1043 3357 1076 3425 &
1102 3357 1251 3441 evidens,
1278 3378 1316 3426 ac
1339 3357 1400 3427 du·

375 3484 406 3528 n,
420 3479 449 3546 5.
533 3448 601 3530 bia,
625 3443 659 3512 δι’
679 3445 808 3532 incerta.
1390 3516 1398 3526 p

562 3554 609 3610 ⁴a.
625 3528 765 3601 Primam
780 3542 863 3602 voco
877 3525 1125 3620 applicationem
1140 3528 1233 3621 Legis
1246 3555 1316 3623 que
1332 3551 1399 3602 cer·

1301 3635 1355 3703 ra,
