3192 4592
575 468 639 556 346
719 464 1220 534 Faeneratorem-s

533 595 713 677 consulere,
735 591 911 662 alindeam
928 589 967 659 ad
988 592 1113 680 praxim
1130 593 1315 667 deducere:
1330 595 1398 688 Qui

534 707 573 752 eo
590 681 685 750 modo
701 679 863 761 decernit,
886 677 990 748 immo
1007 679 1062 768 qni
1080 681 1116 750 dt
1134 681 1169 749 in
1186 685 1273 770 praxi
1290 689 1371 758 conl
1389 725 1404 746 ι

535 767 593 851 lit‘,
614 766 732 836 nititur
754 765 794 833 ad
816 766 1026 863 probabilius,
1043 791 1086 838 «ae
1104 770 1225 839 tutius.
1248 775 1308 842 Sed
1323 799 1407 861 quo-

533 856 621 923 niam
638 854 801 942 privatum
817 852 973 935 rudiciunr
997 853 1103 922 alieno
1121 858 1318 941 praejudicare
1334 885 1402 928 non

533 941 647 1023 debet,
668 959 725 1010 ant
742 941 868 1040 potest,
890 963 966 1010 cum
985 940 1041 1010 uni
1060 966 1189 1028 unum,
1211 947 1268 1015 alii
1285 947 1402 1047 opposta
1520 935 1522 976 ³

365 1036 430 1115 (a)
444 1048 496 1122 pe'r
534 1048 608 1098 turn
625 1027 817 1117 probabilius
831 1028 1156 1110 videatur(a);hinc
1173 1036 1257 1120 quod
1274 1054 1400 1121 prtvato
1520 1093 1522 1108 ,

366 1122 495 1189 schole.
535 1117 578 1185 est
587 1115 985 1204 probabilius,s0laregnla
995 1113 1158 1185 licititurn
1168 1121 1248 1205 apud
1260 1123 1310 1205 se,
1326 1145 1403 1191 cum

369 1207 497 1292 Des.26.
537 1203 619 1292 apud
638 1202 722 1302 alios·
737 1227 790 1302 per
817 1201 922 1303 setlle
946 1225 1009 1272 non
1026 1203 1150 1289 potest:
1184 1207 1268 1276 unde
1286 1209 1320 1276 δι
1343 1233 1398 1296 op-

371 1315 513 1470 ert,
538 1289 1306 1476 tallerearraretterlata?

377 1490 424 1535 10.
539 1464 641 1548 liquid
658 1462 816 1544 consulit,
840 1486 904 1529 non
920 1463 1001 1530 drcrt
1018 1460 1262 1548 srmplrotter,rd
1278 1464 1334 1532 srbr
1352 1468 1403 1533 vi-

539 1550 606 1618 deri
623 1549 834 1635 probabilius,
854 1567 911 1616 aut
927 1547 1121 1634 speculative
1140 1573 1271 1634 verum,
1288 1551 1340 1620 sed
1357 1551 1407 1620 di-

541 1637 588 1706 cit
605 1632 727 1716 solnm,
756 1634 840 1722 polle
857 1635 976 1724 idwfieri
993 1634 1058 1709 line
1077 1637 1406 1726 peccatoertprobabi-

369 1728 434 1810 (b)
450 1746 505 1815 per
544 1723 660 1792 liorum
679 1723 856 1791 notrorum
872 1723 1059 1793 sententia(
1067 1725 1136 1803 b),
1159 1725 1266 1806 Quare
1299 1726 1411 1794 etiam

370 1816 513 1904 Expofiq.
538 1832 577 1880 ex
599 1808 696 1880 modo
712 1809 922 1890 noernendi,
941 1807 995 1876 vel
1006 1808 1189 1882 nonsulendi
1206 1810 1343 1898 rigorose
1360 1812 1409 1878 ni*

368 1922 440 1972 anre
456 1905 505 1968 A·
537 1895 587 1966 hil
602 1913 713 1967 eontra
728 1892 902 1964 conficitur
920 1941 930 1961 .
959 1894 1072 1977 Adde,
1094 1899 1298 1968 Sententiam
1315 1899 1353 1968 de
1370 1897 1409 1967 li·

364 1989 504 2076 ,nalyfir'n
539 1983 608 2054 cito
625 1981 681 2054 usu
698 1979 916 2048 Probabilismi
935 2005 998 2051 non
1015 1981 1116 2056 solnm
1133 1986 1410 2068 communiorem,

371 2077 497 2166 Except.
540 2072 575 2140 δι
591 2067 835 2155 probabiliorem
851 2068 1009 2156 opposita,
1033 2087 1104 2141 tum
1123 2071 1313 2158 praesertim,
1333 2095 1408 2142 cunr

370 2187 403 2230 n.
414 2183 443 2250 5.
460 2163 504 2235 (9⁶
540 2154 718 2238 hujusmodi
729 2157 867 2233 Decreta
884 2177 1029 2230 emanata
1046 2158 1206 2242 sanaret
1223 2161 1324 2231 eriam
1340 2183 1408 2230 cer·

364 2251 429 2338 seq.
541 2263 611 2316 tam
627 2241 777 2317 fuine&
804 2267 888 2314 nunc
905 2244 990 2330 effe,
1022 2245 1073 2316 uri
1098 2247 1407 2318 demonstravimus.

541 2334 740 2486 Quapropter
764 2328 1000 2432 probabiliora,
1031 2332 1134 2406 immo
1156 2353 1250 2433 certa·
1265 2331 1409 2404 defendit

541 2418 597 2505 qui
627 2435 748 2492 tertam
771 2416 990 2492 Probabtlrsmr
1017 2420 1106 2492 usum
1122 2419 1284 2492 defendrr.
1316 2421 1409 2490 Affe⁴

541 2523 613 2574 tant
630 2502 887 2577 Probabiliorillae
911 2505 1071 2578 Ordiount
1097 2510 1233 2582 Decreta
1249 2505 1331 2576 clare
1348 2506 1410 2576 suis

541 2590 765 2678 prohibentia,
787 2589 949 2664 vel-usum
975 2594 1193 2666 Probabililrni
1210 2593 1336 2674 anobis
1358 2594 1414 2664 de·

542 2678 725 2757 monstrati,
748 2676 805 2745 vel
820 2678 920 2750 etiam
937 2681 1097 2768 Magistris
1116 2730 1126 2766 ,
1157 2705 1199 2751 ae
1211 2681 1412 2764 LetloribuS,

541 2786 583 2833 ne
598 2761 789 2846 defendant,
811 2782 865 2832 aut
881 2765 1015 2836 doceant
1034 2767 1247 2851 sententiam,
1268 2791 1337 2856 qnae
1354 2770 1411 2837 lla-

543 2847 628 2934 tuit,
650 2873 725 2918 eum
744 2848 873 2924 licitum
889 2850 969 2937 elle,
992 2853 1153 2944 &aliquid
1161 2854 1284 2924 fortalse
1301 2875 1414 2924 contra

433 2945 436 2948 ’
545 2941 619 3008 Nos
636 2936 836 3025 probabunt.
869 2940 1099 3028 Naminiis,
1128 2945 1385 3031 quaeaffernntnr
1401 2989 1413 3027 ‚

545 3024 632 3103 nihil
650 3023 713 3094 tale
729 3025 911 3114 reperitur.

718 3201 887 3270 Corollaria
920 3169 1111 3291 Univerfitlia
1137 3173 1254 3274 Tricas
1379 3209 1381 3214 ’

551 3377 581 3446 1.
694 3345 804 3459 Tque
826 3375 902 3448 hinc
919 3351 958 3447 eir
983 3397 1055 3449 toto
1075 3383 1181 3467 Opere
1197 3378 1319 3468 liquet,
1337 3403 1417 3450 nunt

707 3461 950 3536 Probabilismns
972 3465 1010 3534 lit
1031 3489 1080 3534 res
1097 3487 1208 3551 vetus,
1239 3493 1280 3536 an
1304 3491 1415 3549 nova,

551 3548 910 3635 liantil'robabiliorillae
925 3551 1135 3626 arbitrantur.
1156 3555 1286 3629 Veritas
1307 3557 1416 3636 enim,

1331 3664 1372 3710 ac
