3192 4592
602 517 662 592 148
748 510 1267 580 Pnoannrrrsnus'

554 641 652 709 sunt.
684 642 772 708 Nam
798 636 833 706 in
858 637 919 708 hoc
944 639 1015 708 casu
1032 657 1198 728 utramque
1223 659 1344 732 partem
1368 645 1422 714 de*

555 726 706 810 sendunt,
729 751 765 796 ac
781 725 906 794 defendi
925 726 1005 814 posse
1024 724 1239 814 permittunt,
1258 732 1339 801 unde
1355 757 1422 800 non

554 815 711 882 assumunt
736 837 816 882 onus
847 811 1035 881 alterutram
1067 814 1282 886 determinate
1316 819 1422 888 desen·

552 901 664 984 dendi,
687 901 780 969 srcuti
805 901 985 988 contingit,
1008 923 1081 970 cum
1106 925 1202 972 unam
1229 925 1351 992 partem
1366 909 1420 975 de·

555 987 763 1058 terminatam
789 1005 938 1056 tuentur.
961 986 1091 1056 Etenim
1115 989 1169 1088 qui
1194 989 1336 1079 aliquam
1355 993 1421 1060 sen·
1469 1038 1470 1044 κ

553 1077 695 1145 tentiam
712 1074 853 1144 absolute
870 1073 1011 1144 defendit
1028 1074 1133 1146 velutt
1158 1079 1422 1164 probabiliorem,

553 1163 681 1232 assumit
706 1185 787 1230 onus
804 1162 940 1231 firmiter
961 1162 1133 1246 sustinendi
1149 1187 1219 1234 eam
1237 1166 1423 1254 propositio-

553 1275 658 1406 nemst,
689 1250 723 1318 ἃ
757 1249 829 1318 ideo
861 1267 940 1319 tunc
975 1249 1167 1320 sententiam
1199 1273 1325 1322 mutare
1356 1253 1426 1322 nort

597 1357 631 1408 te
665 1387 672 1402 ·
1074 1385 1077 1389 —
1324 1399 1327 1406 r
1523 1357 1524 1364 ’

553 1362 631 1514 P03.
658 1423 696 1490 sd
727 1448 805 1492 vero
839 1424 942 1492 oritur
972 1447 1011 1494 ex
1038 1431 1152 1493 natura
1177 1424 1420 1514 disputationis,

552 1511 588 1580 δι
608 1509 792 1579 Intelleslus
810 1509 918 1596 ipsius.
942 1512 1028 1578 Cum
1048 1511 1138 1580 enim
1156 1511 1245 1593 hujus
1260 1513 1419 1594 objettum

383 1599 445 1680 (a)
462 1615 516 1687 pet
552 1596 592 1666 lit
607 1620 739 1679 verum,
758 1596 955 1684 potissimum
972 1596 1072 1681 reale,
1095 1602 1110 1680 (
1117 1601 1176 1680 a),
1199 1599 1234 1665 in
1250 1599 1417 1686 disputan-

384 1686 454 1752 Cor.
478 1705 505 1752 r.
553 1683 593 1753 do
609 1682 690 1752 illud
706 1683 836 1785 quatit,
859 1684 893 1753 &
916 1685 1109 1782 persequitur
1125 1704 1280 1772 quantum
1297 1685 1416 1772 potest,

384 1771 513 1858 Des-3⁶·
553 1795 688 1859 cumque
713 1795 751 1840 tn
768 1769 943 1856 opinativrs
965 1789 1052 1840 certo
1069 1772 1233 1860 cognosci,
1257 1771 1309 1840 seu
1327 1773 1419 1842 inve*

382 1859 451 1939 (b)
468 1875 522 1946 per
554 1859 616 1927 niri
643 1882 707 1926 non
732 1857 825 1944 possrt
841 1859 931 1940 (b),
953 1857 991 1925 ad
1022 1857 1101 1925 illud
1126 1857 1244 1926 nititur
1259 1875 1418 1946 quantum

381 1947 514 2034 Supp.4
553 1946 681 2034 potest,
704 1944 837 2032 ideoque
863 1943 980 2012 nititur
999 1944 1206 2032 probabilius,
1236 1945 1312 2032 quia
1333 1945 1419 2016 inter

552 2034 665 2101 modos
689 2030 847 2119 quarendi
873 2030 1135 2119 inopinabilibus
1160 2031 1331 2103 veritatem
1347 2056 1417 2103 ma·

545 2120 598 2203 jor
622 2119 680 2190 else
704 2143 771 2187 non
797 2117 912 2205 potest.
1523 2127 1524 2196 ζ

591 2230 624 2290 4.
647 2209 702 2276 An
719 2205 1012 2289 anennoeton,
1034 2206 1069 2274 &
1087 2207 1127 2274 M
1169 2205 1251 2296 istri,
1273 2205 1419 2280 licutin-

548 2294 706 2376 tendunt,
728 2315 765 2362 ac
790 2289 892 2361 solent
918 2291 1036 2376 semper
1052 2291 1144 2361 desen
1165 2318 1236 2378 ere,
1253 2319 1289 2364 ac
1303 2294 1415 2366 docete

546 2378 776 2468 probabiliora,
799 2377 847 2445 ita
864 2376 962 2444 etiarn
982 2376 1332 2474 subculpateueautur,
1349 2406 1417 2450 non
1523 2405 1524 2440 r

495 2476 509 2504 '³'
547 2467 626 2537 adeo
644 2463 839 2535 certumest.
863 2461 1133 2542 Nonnullilenrm
1142 2467 1320 2552 affirmant,
1338 2493 1418 2538 non·
1523 2529 1524 2538 ,

546 2552 627 2623 nulli
645 2551 847 2620 inficiantur.
872 2549 913 2616 Et
931 2548 1059 2636 quidem
1075 2551 1160 2638 quod
1171 2554 1422 2625 univerfimnon·
1523 2619 1524 2624 ,

530 2638 747 2726 obligentur,
771 2651 875 2722 patet.
898 2635 1036 2704 Constat
1054 2637 1142 2705 enirn
1166 2663 1279 2710 eorum
1305 2666 1418 2712 exem·
1523 2693 1524 2696 κ

544 2725 619 2814 plo,
640 2725 677 2796 ἅ
704 2722 790 2810 praxi
816 2722 863 2790 ita
888 2720 1205 2812 soleredefendere,
1229 2753 1266 2798 ac
1291 2731 1414 2800 tradere
1523 2725 1524 2730 ἵ

542 2810 709 2899 opiniones
737 2805 983 2898 probabiliores,
1006 2829 1041 2880 ut
1068 2829 1179 2882 tamen
1206 2819 1314 2900 passrm
1335 2819 1417 2885 affir-

468 2945 473 2958 ·
543 2916 663 2982 ment,
687 2897 787 2966 etiarn
811 2893 964 2982 opposrtas
988 2899 1096 2968 minus
1120 2901 1295 2988 probabiles
1324 2903 1415 2972 susti·
1522 2957 1524 2971 t

501 3042 503 3046 .
543 2986 613 3058 neri
641 2985 743 3086 polle,
768 2982 817 3053 uti
842 2983 1013 3070 praesertim
1038 2987 1258 3141 Suppositione
1284 3013 1332 3074 19.
1359 3015 1414 3076 ap·

567 3073 694 3144 atebrt.
726 3074 931 3159 Quamquam
955 3073 989 3142 &
1014 3073 1073 3142 istu
1111 3074 1252 3159 fiaslineri
1263 3073 1340 3161 poffe
1361 3075 1415 3142 de-

544 3099 631 3230 leudi
656 3158 753 3228 soleat
777 3159 817 3226 de
841 3158 936 3227 modo
956 3161 1163 3246 probabilius,
1200 3160 1289 3228 ficuti
1321 3160 1412 3247 supra

543 3245 730 3332 tetigimus.
754 3248 868 3334 Iraque
892 3247 1071 3330 Dodores,
1093 3248 1128 3315 δι
1149 3244 1293 3396 Μειῗίίίτί
1318 3269 1421 3334 gene-¹

545 3333 641 3403 ratim
668 3350 823 3402 tenentur
839 3332 996 3484 puidem,
1025 3331 1125 3402 etiarn
1149 3331 1183 3397 in
1219 3331 1412 3432 peculativis
1509 3365 1511 3368 ’

546 3419 817 3503 indifferentibus,
852 3442 903 3488 em
944 3418 1095 3486 rtradere
1114 3417 1284 3491 sententias
1310 3420 1422 3509 aprio-1
1523 3441 1524 3452 ³

546 3529 615 3590 res,
637 3507 671 3574 δι
689 3505 859 3575 securiores
876 3529 893 3572 a
930 3502 1166 3592 explicandam,
1189 3532 1225 3578 ac
1242 3505 1412 3581 defenden-

547 3591 621 3672 dam
646 3592 837 3664 Dourimm
862 3590 1032 3677 fidei,7ne
1064 3591 1206 3684 periculo
1230 3596 1340 3672 erroris
1355 3617 1421 3668 ers„

674 3706 676 3709 ,
955 3721 958 3728 ⁴
1306 3707 1361 3772 Po,
