3192 4592
361 511 485 582 Mrrrr.
496 511 625 580 Mnrrr.
636 509 831 582 Derrorrsr.
842 511 874 580 P.
884 515 910 582 1.
965 534 1026 604 205

202 641 272 712 Ubi
297 641 397 713 etiam
419 641 594 712 notandum
619 641 680 724 est,
702 665 778 710 eum
799 641 936 712 dicimur
960 647 1068 715 bonum
1116 721 1119 728 ¹

200 731 238 827 de
266 732 370 828 meliur
391 729 517 830 proprie
547 728 849 828 acqualisecu'ritate
879 730 1067 816 contineri,

203 817 238 882 rd
260 815 399 902 inteslrgr
417 818 455 884 de
478 816 698 888 securitatem
720 840 833 906 genere
851 818 926 901 suo,
948 819 1008 888 hoc
1024 819 1067 887 est

203 903 244 970 de
261 903 429 973 securitate
447 902 499 972 ves
510 899 704 990 fimpliciter,
726 901 779 973 ves
795 903 958 988 [umam
974 907 1067 992 quid.
1203 975 1206 980 .

204 991 311 1073 Quare
332 992 436 1059 bonum
461 991 495 1058 dr
516 991 620 1058 nulius
636 1007 725 1060 certo
747 989 789 1060 est
807 992 952 1078 proprie,
973 993 1008 1062 δι
1023 991 1067 1059 ri·

202 1077 310 1162 gorose
335 1074 496 1176 aequasiter
522 1093 629 1146 tutum
644 1077 849 1164 fimpliciter3
869 1079 1003 1162 bonum,
1032 1079 1067 1148 δι

203 1163 308 1230 melius
331 1162 524 1250 opinative,
546 1162 639 1232 'ficuri
663 1163 705 1233 est
727 1161 911 1250 probabile,
941 1166 976 1234 δι
997 1189 1069 1252 pro-

204 1247 365 1332 babilius,
387 1250 428 1318 est
451 1248 573 1336 proprie
595 1248 756 1338 aqualiter
779 1269 886 1319 rutum
902 1253 1066 1334 secundum

202 1337 295 1422 quiid.
319 1336 415 1404 Unde
431 1355 539 1422 pater,
560 1361 623 1424 quo
633 1337 721 1406 sensu
731 1335 837 1405 intelli
859 1336 938 1405 enda
952 1338 1012 1408 srnt
1029 1361 1068 1408 ea

194 1423 298 1492 uerba
322 1421 426 1491 Schos.
450 1422 588 1504 ejusdem
609 1449 642 1492 n.
658 1447 688 1508 9.
706 1425 783 1511 quod
806 1360 858 1506 ess
869 1425 994 1509 bonum,
1011 1445 1067 1492 aut

203 1511 308 1578 melius
323 1507 363 1592 est
373 1509 469 1597 perse
486 1509 662 1609 fimplicirer
686 1522 803 1579 rurum.
828 1515 917 1581 Nam
941 1513 1067 1581 nonde

199 1597 307 1664 bonum
323 1598 497 1664 autmelius
506 1598 688 1684 opinative,
711 1598 761 1666 sed
771 1597 943 1682 dedorunt,
962 1599 1067 1667 &me-

200 1685 261 1751 tius
287 1701 372 1752 certe
396 1681 636 1771 intelliguntur.
659 1685 755 1754 Porro
770 1683 834 1765 iam
858 1684 956 1773 liquet
973 1709 1011 1754 ex
1033 1710 1067 1756 re
1171 1696 1175 1702 ’
1214 1697 1218 1702 ’

191 1768 297 1855 ipsa,
328 1786 431 1836 rotam
454 1769 730 1856 Proposrtitionem
753 1771 792 1840 de
820 1771 931 1860 aequali
956 1771 1068 1844 securi·
1098 1827 1102 1835 ,
1176 1836 1178 1838 ,

190 1872 270 1924 tate
287 1855 538 1941 secuudum'quid
559 1856 617 1926 esse
635 1856 894 1944 intelligendum.

192 1991 197 2006 .
245 1938 331 2008 Aliis
354 1940 451 2008 etiam
470 1939 572 2009 modis
596 1943 768 2030 Propofitio
793 1943 993 2014 demonstrari
1011 1969 1068 2032 po-

206 2028 283 2110 test,
307 2025 353 2094 uti
378 2051 442 2112 ea,
472 2051 543 2114 quae
563 2028 597 2098 in
620 2048 692 2098 toto
714 2031 817 2115 Opere
841 2031 1065 2102 antecedenter
1103 2079 1109 2094 .

188 2112 360 2197 ‚diximun
381 2115 591 2202 expendenti,
613 2117 648 2186 u
664 2114 841 2187 conserenti
864 2115 981 2203 liquet.
1005 2117 1066 2188 Sed
1198 2129 1203 2136 ’

193 2201 252 2271 ‘har
273 2201 553 2272 demonstrationes
573 2203 674 2274 etiam
703 2201 863 2291 psusqurun
880 2201 953 2272 satis
974 2203 1065 2274 sunt.

393 2346 784 2448 sc'rrorrurr
822 2379 877 2446 rr.
996 2442 999 2448 .

252 2551 317 2621 ΑΜ
335 2549 442 2637 vides,
463 2519 740 2642 opinor,ssLet’ror,
762 2516 972 2637 totnm'hujus
990 2553 1062 2624 Pro-

190 2546 240 2794 ἱ
307 2636 428 2710 fitionis
450 2641 520 2711 vim
545 2642 580 2710 in
600 2642 662 2712 hoc
685 2642 863 2726 consistere,
884 2641 971 2729 quod
985 2641 1061 2712 Pro'-

191 2763 195 2770 ·
224 2725 345 2795 'biitas
376 2727 509 2816 positiva
536 2726 574 2796 sit
607 2727 691 2800 inse
722 2747 822 2800 ruta.-
852 2731 940 2800 Hinc
970 2731 1061 2804 enim
1098 2759 1101 2764 ·
1216 2737 1224 2751 “

193 2814 425 2901 consequitur,
446 2815 536 2884 illim
558 2814 621 2886 five
644 2817 681 2888 [it
704 2839 759 2906 pro
783 2818 893 2903 Lege,
921 2817 986 2888 sire
1007 2841 1065 2906 pro
1099 2868 1103 2878 1
1197 2829 1223 2856 ⁵

200 2901 392 2986 Libertate,
415 2902 479 2973 srve
502 2926 586 2987 uno,
609 2902 672 2975 srve
686 2904 760 2987 ‚elio
782 2902 881 2971 modo
901 2929 1062 2991 compare·

198 3005 271 3072 tur,
291 2990 413 3076 semper
436 2989 615 3072 hujusmodi
632 2993 709 3062 esse.
732 2991 830 3059 Unde
853 3008 924 3060 tora
946 2991 1063 3078 Propo-

197 3073 270 3144 srtio
300 3075 363 3145 fine
389 3093 441 3146 tnt
467 3077 649 3165 ambagibus
672 3078 878 3161 brevissime,
908 3078 943 3148 δι
972 3075 1064 3146 sacis·
1135 3164 1138 3168 ,

202 3159 280 3231 sime
315 3163 518 3233 demonstrari
553 3165 677 3252 poterat
706 3189 766 3253 ope
797 3162 898 3233 trium
933 3182 1062 3233 tanturn

198 3249 477 3337 suppositionum,
500 3275 633 3347 nempe.
658 3274 709 3341 25.
723 3275 779 3337 27.
799 3253 849 3320 28.
872 3251 1064 3333 (ueletiam
1194 3255 1199 3262 ’

188 3331 323 3414 solum.
346 3357 398 3428 25.
416 3361 487 3422 27.,
510 3338 667 3426 loquendo
692 3339 731 3408 dc
748 3339 833 3407 sola.
847 3336 1001 3407 Dourion
1021 3339 1064 3404 D.

198 3418 391 3509 Thornae),
420 3424 533 3515 quibus
555 3425 728 3510 astruitur,
753 3448 871 3496 ,omnes
893 3425 1065 3495 sententiar
1098 3453 1101 3458 ·

82 3541 93 3552 -
201 3506 246 3572 o.
266 3505 428 3595 rueme,
450 3513 486 3584 a
507 3515 551 3582 o.
568 3515 687 3582 bonav.
707 3512 847 3584 ebroine
870 3509 1093 3612 probarum:
1165 3571 1169 3579 .
1216 3475 1230 3577 J

195 3592 234 3663 rr
258 3609 352 3669 tuter
373 3597 541 3670 rurissrmar
563 3601 641 3672 effe.
661 3601 724 3675 Sed
747 3618 783 3672 ur
806 3624 854 3674 res
869 3618 940 3671 tora
955 3596 1061 3669 velun
1102 3655 1106 3666 .
1179 3660 1190 3700 3
1225 3661 1230 3668 .

968 3686 1022 3756 sub
