3192 4592
934 252 1062 421 μ’

601 436 1284 525 136.Puonunt'nrsuus‘..
1402 530 1409 536 ·
1520 497 1523 514 .

937 613 952 680 1
978 612 1022 681 u.

596 740 733 822 Quaeuro
748 739 787 808 de
805 689 1048 820 nortuum,
1073 743 1107 812 u
1133 689 1413 814 probabuntun

555 826 659 896 locum
686 827 779 895 babet
807 847 936 896 tantum
963 829 996 895 in
1023 830 1177 916 Topicis,
1201 831 1235 900 δι
1262 833 1412 919 Opinati·
1503 839 1523 922 ’ξ

553 915 631 997 vis,
662 914 697 982 in
719 913 832 1000 quibus
865 913 1141 986 nullaxcertitudo
1167 919 1322 1006 reperitur
1337 958 1364 1010 ,μ
1379 922 1413 989 &
1435 988 1439 998 ,
1521 929 1522 932 ’

551 1001 700 1088 quamdiu
726 1024 791 1068 non
814 1019 997 1088 repenrur·„
1367 1059 1385 1072 r.

597 1090 671 1156 Hoc
704 1087 746 1155 est
771 1086 858 1156 nulla
886 1090 1054 1160 'certitudo
1088 1091 1187 1161 etiarn
1214 1096 1334 1162 moralis
1357 1089 1412 1162 uel

550 1173 735 1263 imperfefflu.
759 1178 850 1242 Nam
874 1173 898 1241 si
922 1198 1031 1246 contra
1049 1178 1153 1267 aliqua
1178 1179 1253 1248 adsit
1281 1180 1413 1248 certitu·

550 1261 613 1346 do,
635 1261 697 1344 jam
721 1262 760 1329 de
789 1260 847 1330 hac
871 1265 1037 1350 quaellione
1053 1267 1159 1336 adium
1183 1266 1242 1348 est,
1257 1269 1339 1335 ''cum
1358 1265 1412 1333 ad·

550 1348 655 1416 uersus
687 1347 930 1419 certitudinem
951 1376 1181 1452 quamcumque
1219 1377 1284 1420 non
1318 1352 1411 1422 detur

387 1439 448 1520 (a)
464 1456 518 1526 per
555 1441 650 1518 pera,
672 1434 712 1502 δι’
729 1433 820 1502 realis
847 1435 1050 1522 probabilitas
1065 1443 1158 1520 (a).
1388 1519 1391 1528 .

404 1529 495 1613 Supp.
550 1563 557 1574 ·
599 1525 675 1590 Cor.
695 1544 722 1587 1.
743 1521 832 1590 Hinc
849 1521 1015 1594 evidenter
1031 1526 1129 1594 etiarn
1153 1547 1192 1594 ex
1214 1524 1275 1594 hoc
1294 1523 1413 1614 liquet,

381 1613 523 1699 precem·
551 1607 698 1696 praeclare
722 1606 908 1678 hallucinari
932 1611 1210 1695 Probabiliorillas,
1232 1613 1308 1680 dunt
1333 1613 1416 1680 affir·
1500 1681 1523 1704 ‚¹

556 1716 672 1781 mant,
704 1694 946 1782 probabiliorem
978 1697 1163 1784 opinionem
1189 1698 1223 1766 in
1257 1701 1412 1769 conflidlu

555 1782 660 1850 minus
683 1781 850 1870 probabilis
867 1783 1040 1852 habendam
1063 1804 1215 1872 tanquam
1231 1810 1361 1870 veram,
1378 1786 1412 1854 δι

553 1888 689 1939 certam.
707 1871 753 1936 -ln
779 1894 860 1956 quo,
883 1873 917 1938 δε
935 1871 963 1940 se
982 1896 1045 1940 non
1064 1871 1245 1960 intelligere
1271 1872 1412 1960 quaestio«

550 1981 627 2024 nem
652 1956 751 2043 ipsam
775 1955 963 2041 ostendunt,
983 1959 1016 2026 δι
1030 1983 1164 2045 peccare
1192 1981 1300 2028 contra
1317 1958 1413 2028 diale-
1450 1965 1454 1974 “

382 2047 447 2130 (b)
464 2065 518 2135 per
550 2044 648 2113 tricas
665 2043 784 2129 regulas
802 2045 892 2126 (d),
914 2068 1053 2113 necnon
1075 2065 1186 2116 contra
1209 2069 1412 2116 communem
1485 2047 1492 2061 '

386 2137 466 2202 can.
489 2157 516 2201 1.
550 2131 592 2198 dc
607 2131 782 2218 questionis
799 2129 889 2216 ipsius
909 2149 1018 2200 natura
1035 2133 1311 2220 suppositionem..
1323 2137 1412 2202 Nam

552 2216 574 2284 sr
600 2242 638 2285 ex
655 2243 717 2286 una
743 2237 831 2304 parte
848 2216 884 2285 srt
902 2217 1081 2303 certitudo,
1103 2243 1141 2287 ex
1159 2217 1222 2286 alia
1246 2245 1327 2289 vera·
1343 2244 1414 2307 pro-

389 2308 453 2387 (o)
470 2324 523 2394 per
552 2301 698 2374 habilitas
720 2329 786 2372 non
802 2305 843 2373 est
862 2307 921 2387 (c)
940 2323 1066 2392 :atque
1086 2305 1157 2375 ideo
1173 2304 1261 2375 nulla
1279 2307 1415 2394 amplius

402 2395 499 2480 supp.
550 2393 681 2478 quaellio
704 2393 765 2460 est.
1058 2409 1060 2417 '
1152 2471 1158 2478 ,
1291 2397 1294 2405 “

384 2481 506 2567 praeced.
552 2519 572 2535 —·
599 2502 628 2547 a.
647 2478 735 2547 Hinc
760 2479 795 2561 in
818 2478 1055 2567 questionibus,
1080 2479 1114 2547 iu
1141 2480 1252 2568 quibus
1277 2483 1416 2551 versatur

556 2563 816 2649 Probabilismus,
838 2568 872 2634 u
897 2566 1187 2637 Erobabiliorisrnus
1210 2568 1334 2637 nullum
1364 2595 1416 2634 ex·

412 2665 415 2673 ’
549 2648 698 2748 preffam,
711 2652 755 2750 ‚u
772 2653 898 2736 formale
913 2673 1114 2754 'praece'ptum
1132 2656 1305 2758 reperitur,
1316 2654 1418 2724 ¹beuti

551 2741 1419 2899 lssldfz'slllrtlnzblllldll‘ltsslz’„llll

551 2909 636 2978 adest
661 2910 810 2996 clarum,
839 2913 872 2980 δι
905 2931 1030 2984 certum
1058 2938 1274 3004 preceptum,
1305 2939 1419 3001 nempe

555 2997 659 3084 quoad
675 3022 728 3068 eos
744 2999 831 3069 casus
850 3001 1073 3088 probabiliter,
1091 3007 1120 3074 dr
1139 3002 1327 3090 probabilius
1345 3025 1418 3086 conj·

556 3085 728 3154 troversoe.
754 3087 788 3156 Si
815 3089 902 3156 enirn
933 3088 993 3158 hoc
1019 3089 1151 3172 adesset,
1173 3089 1315 3173 operatio
1340 3111 1418 3155 con·

384 3177 451 3260 (d)
468 3192 521 3265 per
556 3172 652 3240 traria
676 3174 751 3242 esset
774 3193 863 3244 certo
878 3174 1004 3245 illicita
1020 3179 1034 3257 (
1042 3177 1065 3242 d
1073 3179 1113 3255 );
1136 3173 1323 3260 proindeque
1349 3171 1419 3242 nul-

388 3263 520 3350 Desm3.
550 3257 588 3325 -la
613 3258 815 3345 probabilitas
850 3262 890 3329 de
919 3265 985 3345 ejus
1009 3261 1169 3328 honestare
1202 3259 1262 3330 else
1291 3259 1418 3356 pollet,

390 3355 451 3431 (e)
467 3368 520 3438 per
555 3370 631 3415 cum
656 3347 721 3416 hac
746 3371 810 3415 non
835 3347 928 3417 detur
950 3351 1059 3414 eontra
1080 3345 1309 3416 certitudinem
1327 3349 1415 3427 (e)t

389 3440 482 3524 Supp.
558 3434 639 3501 uude
664 3433 790 3518 quaestio
818 3433 925 3502 locum
950 3432 1088 3516 amplius
1109 3456 1175 3498 non
1203 3433 1351 3502 haberet,
1390 3489 1393 3496 .

387 3525 506 3614 preced.
599 3518 945 3609 ItaqueControverfia
960 3518 1101 3587 versatur
1119 3518 1153 3588 in
1170 3521 1333 3612 praeceptis
1351 3537 1419 3589 tau-

606 3638 637 3652 “·
913 3631 918 3640 ’
1302 3625 1374 3679 tum

1505 1063 1519 1141 l

1506 3483 1520 3528 δ
