3192 4592
331 475 888 597 ιΜετιῐῑΜιιτΗ.Ι)ιεΜοΝςτ.ΡζῙ.
942 525 1003 611 253'

114 674 116 677 ’
180 677 251 728 tam
269 677 379 727 curare
396 657 491 725 modo
506 655 570 725 sive
589 656 725 737 tutiore,
746 654 810 723 sive
820 654 1045 742 probabiliore*

229 745 312 813 Aliis
337 746 476 832 pluribus
502 743 603 812 modis
629 742 763 828 Quaeslio
789 741 921 828 proponi
949 740 1045 826 potesl

184 833 356 901 secundum
379 832 516 902 diversos
538 831 701 917 aspectus,
731 828 784 896 sub
810 827 920 917 quibus
947 827 1045 913 potest

181 919 397 1002 confiderari,
418 919 505 1001 juxta
521 941 557 984 ea
576 966 587 999 ,
609 940 679 1003 quae
700 915 735 982 in
753 916 897 1003 proxima
915 912 1050 996 Analysr'

177 1006 310 1086 dicenda
338 1007 439 1089 sunt,
471 1003 674 1089 &praecipue
694 1051 704 1084 ,
730 1022 767 1071 ut
791 1001 916 1089 aliquod
941 1023 1046 1068 exem·
1125 1058 1129 1065 .

180 1092 270 1178 plum
295 1094 461 1174 afferatur,
485 1090 545 1157 boe
568 1091 680 1158 modo.
900 1111 902 1116 ’

229 1203 255 1268 5.
281 1185 336 1248 An
370 1175 580 1250 Confessarius
614 1174 774 1246 consultus
808 1201 826 1244 a
865 1173 1045 1251 Poenitente

176 1265 269 1352 super
285 1265 516 1353 prohibitione,
539 1283 593 1331 aut
611 1264 810 1350 permissione
827 1262 955 1344 alicujus
971 1285 1045 1348 opo·

174 1353 325 1436 rationis,
349 1353 399 1420 seu
415 1353 506 1439 super
522 1349 665 1434 malitia,
688 1369 741 1419 aut
765 1350 925 1418 honestate
942 1346 1045 1430 illius,

174 1440 366 1526 cognoscens
391 1437 443 1508 vel
469 1463 554 1527 arque
577 1438 771 1524 probabilem
797 1436 990 1524 pravitatem
1008 1459 1043 1502 ac

177 1525 393 1609 honestatem,
417 1524 468 1593 vel
492 1525 653 1595 honestate
678 1523 924 1613 probabi-liorem
949 1521 1043 1589 mali·

176 1612 259 1686 tiam
283 1613 414 1680 aelionis
431 1612 583 1696 ejusdem,
606 1613 722 1698 sciens,
738 1615 771 1681 ἃ
817 1611 928 1681 rudens
952 1609 1042 1694 poffit

176 1699 349 1766 universim
372 1697 435 1765 fine
465 1720 594 1783 peccato
617 1699 646 1768 ei
673 1637 885 1786 respondere,
915 1695 1041 1781 licitam

177 1783 239 1852 esse
263 1780 351 1850 illum
373 1784 551 1865 abbionem
572 1786 702 1871 ideoque
724 1787 787 1856 stne
810 1785 945 1854 crimine
970 1785 1039 1853 sieri

177 1870 281 1956 posse.
306 1866 461 1935 Additum
484 1871 527 1935 esl
550 1870 738 1954 univerfim,
759 1873 832 1958 quia
854 1869 951 1938 adesse
974 1871 1041 1956 pos-

179 1957 253 2022 sunt
275 1953 515 2022 circumstantiae
533 1952 661 2039 aliquae,
684 1955 718 2020 in
739 1957 850 2042 quibus
873 1956 903 2021 id
920 1979 938 2020 a
956 1957 1042 2023 Con*

182 2040 318 2114 sellario.
331 2039 500 2126 prudenter
523 2038 698 2126 responderi
722 2062 787 2107 non
811 2041 921 2125 possit.
1020 2047 1023 2054 '

224 2130 269 2195 V.
285 2129 328 2194 G.
347 2129 401 2193 An
422 2125 600 2208 consultus,
623 2146 731 2194 utrum
751 2125 789 2193 fit
806 2125 956 2213 obligatio
973 2151 1046 2195 con-

179 2213 292 2282 sitendi
317 2212 564 2281 circumstantias
595 2211 779 2282 notabiliter
809 2233 1043 2300 aggravanteS,

176 2301 241 2386 ipse
259 2320 370 2369 tenens
386 2301 595 2370 affirmantem
613 2321 763 2388 tanquam
780 2299 1044 2386 probabiliorem,

179 2391 215 2455 de
239 2388 355 2472 sciens,
378 2388 421 2454 D.
447 2412 496 2456 ex.
514 2411 559 2456 ca.
585 2388 774 2472 Thomam,
796 2388 830 2454 ἃ
854 2388 896 2453 D.
923 2391 1042 2458 Eonav.

178 2494 290 2542 tenere
314 2496 505 2560 negantem,
530 2482 575 2542 an·
593 2477 710 2561 p'ossrt,
743 2470 852 2544 relibla
882 2475 1042 2544 sententia

177 2561 332 2647 propria,
355 2563 527 2631 Poenitenti
554 2563 715 2630 consulere
738 2562 827 2652 juxta
853 2563 1042 2632 sententiam

177 2651 222 2716 D.
243 2652 385 2730 Bonam,
409 2650 443 2717 dt
471 2653 512 2718 D.
533 2650 688 2718 Thomae.

220 2739 249 2805 6.
268 2735 332 2804 Vel
349 2759 390 2802 an
412 2735 527 2822 sciens,
549 2736 605 2805 hos
622 2739 698 2806 duos
706 2741 835 2808 Sanstos
852 2759 959 2808 tenere
975 2739 1042 2805 sen·

180 2822 298 2891 tentias
325 2823 363 2890 de
390 2825 529 2892 moribus
554 2825 840 2914 contradidloriaS,
871 2829 905 2895 ἃ
931 2845 1041 2893 omnes

178 2909 233 2977 fibi
259 2910 428 2979 videantur
461 2912 511 2981 uel
544 2934 629 2999 aeque
656 2913 856 2998 probabiles,
887 2911 938 2980 vel
974 2912 1040 2992 aliae

177 2996 248 3063 aliis
266 2996 507 3083 probabiliorem
523 3002 614 3086 possit
632 2999 915 3068 nihilominussme
932 2999 1042 3084 culpa,

180 3083 231 3149 vel
259 3107 315 3168 pro
343 3086 371 3153 se
396 3084 512 3172 eligere
537 3086 689 3174 quaslibet
716 3088 816 3154 eriam
839 3086 978 3154 libertati
995 3084 1040 3154 fa-

177 3188 309 3251 ventes,
332 3171 382 3240 vel
407 3172 476 3240 aliis
498 3175 657 3242 bon'sulere
684 3171 841 3260 eligendas
851 3209 863 3238 .·
882 3181 886 3186 '

222 3279 253 3334 7.
272 3259 335 3326 Vel
364 3285 438 3328 cum
462 3261 593 3348 quilibet
618 3259 731 3327 habeat
755 3262 945 3346 sententiam
971 3285 1040 3348 pto-

179 3343 279 3428 priam
305 3365 457 3434 tanquam
490 3346 765 3433 probabiliorem,
797 3348 872 3418 sciat
908 3368 1036 3432 tamen,

179 3430 335 3498 -Dottores
348 3457 482 3520 magnos
507 3437 605 3503 etiam
631 3436 825 3502 contrarium
845 3441 972 3518 tenere,
994 3434 1043 3501 in'-

181 3515 338 3615 quiritur,
359 3543 437 3587 num
453 3520 527 3598 ‚visa
551 3523 585 3589 in
610 3522 671 3590 boc
695 3523 765 3590 casu
783 3523 838 3590 ista
863 3522 1043 3609 srbiproba-

182 3602 334 3671 brlrontas
359 3606 468 3677 debeat
498 3609 576 3693 esse,
599 3609 650 3679 vel
669 3633 725 3696 pro
750 3609 799 3695 le,
822 3609 872 3680 vel
891 3632 956 3765 pm
974 3607 1043 3675 aliis

925 3720 998 3782 egu-
