3192 4592
315 459 884 537 Marrs.Marrs.Drrrousr.P.11.
930 463 993 547 287

172 594 327 684 loquendi.
341 600 537 681 Dosiorum,
558 596 594 666 bc
615 593 773 666 censendi·
788 595 827 664 de
858 593 946 662 rebus
969 612 1038 678 pra·

174 683 261 754 &icis
276 682 420 775 legitime
444 683 556 772 colligi
576 685 675 771 posse,
700 705 753 752 eos
777 679 1037 772 probabilitatem

171 770 311 842 libertati
342 772 507 844 faventem
537 769 780 860 quomodolibet
814 783 1033 858 comparatam

171 856 294 932 licitam
316 860 485 932 admisisse.

553 984 638 1059 IV.

207 1121 263 1191 Ad
280 1141 349 1190 tem
366 1121 598 1193 conficiendam
615 1120 689 1190 satis
705 1121 781 1191 esset
804 1143 896 1188 exem
919 1117 947 1188 la
965 1135 1036 1188 tan-

164 1225 239 1278 tum
263 1231 303 1278 ex
333 1209 375 1275 D.
395 1209 544 1293 Thema,
565 1209 601 1277 δι
629 1211 670 1276 D.
690 1211 831 1288 bonav,
855 1142 917 1274 vel
932 1229 971 1276 ex
990 1208 1033 1274 D.

167 1295 317 1393 Tboma,
338 1293 494 1378 &Scoto,
511 1295 565 1367 rel
583 1295 681 1366 etiam
699 1319 737 1364 ex
761 1294 825 1365 solo
849 1297 890 1362 D.
902 1291 1033 1362 Thoma

166 1404 203 1447 ru
224 1382 370 1452 medium
393 1385 501 1454 afferre
526 1385 568 1452 ob
592 1384 730 1454 rationes
752 1377 890 1471 superius
916 1379 1032 1468 allega·

165 1485 213 1538 tat
229 1473 317 1552 (a):
340 1469 392 1539 sed
417 1495 474 1540 nos
497 1472 537 1540 ad
561 1471 724 1542 Doctrina
748 1468 976 1541 abundantiam
992 1488 1032 1536 ex
1073 1477 1135 1556 (a)
1166 1471 1206 1540 sn

166 1556 316 1654 omuibus
334 1558 543 1642 Dodoribus,
558 1562 714 1648 (excepto
730 1562 878 1643 Okamo,
896 1556 1034 1628 &Hert-
1075 1561 1210 1649 Hillrriae

167 1646 256 1726 nco)
279 1645 541 1715 commemoratis
565 1646 687 1734 aliquot
712 1649 895 1718 afferemus.
981 1693 984 1700 ·
1075 1679 1105 1722 n.
1118 1675 1166 1722 ιι.

175 1951 180 1959 .
315 1859 883 1934 rurrorrrrouss.

589 2037 619 2106 1.

251 2169 468 2252 Nrtourrus
499 2167 638 2254 Quaestio
674 2167 713 2236 de
741 2165 973 2239 ’Probabilismo
996 2183 1035 2236 ert

276 2253 408 2342 professo
430 2253 549 2342 agitata
576 2280 641 2324 non
665 2257 726 2325 est.

215 2345 291 2411 Hoc
317 2342 405 2411 enim
437 2341 550 2430 agitari
576 2367 619 2414 cae
641 2342 667 2412 it
702 2343 785 2413 circa
810 2365 882 2414 ann.
911 2363 1036 2432 1577.,

169 2426 430 2516 deincepsvero
462 2429 588 2498 summo
611 2369 737 2516 dudio,
769 2431 804 2500 dc
834 2432 964 2514 calore,
998 2447 1037 2499 ut

171 2514 271 2613 Dour
295 2536 441 2601 norunt,
471 2521 629 2604 petatium
648 2518 715 2589 est.
745 2519 792 2586 Ex
816 2543 879 2606 quo
908 2517 1038 2606 liquet,

170 2600 252 2686 qurd
278 2624 331 2687 per
357 2623 392 2673 to
408 2608 579 2693 antiquitas
608 2607 712 2675 hoca
739 2629 791 2676 me
817 2605 889 2676 loco
914 2605 1038 2676 intelll-

172 2705 300 2774 gatar.
332 2690 482 2779 intelligo
507 2695 597 2763 enirn
624 2693 757 2780 spatium
783 2693 882 2762 trium
908 2694 1036 2763 circiter

171 2771 370 2845 Saeculorum
395 2803 469 2848 cum
491 2781 645 2864 dimidio,
668 2783 751 2868 quod
775 2783 897 2864 fluxit,
919 2805 958 2850 ex
976 2801 1040 2866 quo

171 2860 364 2933 Scholastica
385 2867 601 2957 Theologiaa
618 2867 806 2937 Scholarum
826 2867 1040 2950 Principibus,

173 2945 309 3037 aliisque
336 2954 525 3026 Ductoribus
556 2955 814 3025 commemoratis
843 2953 1040 3037 potissrmurn

175 3036 293 3105 tradita
319 3040 360 3106 eli
393 3042 431 3108 ad
457 3045 494 3111 us
513 3068 550 3111 ue
581 3063 706 3125 tempus
730 3037 886 3120 dimidii,
917 3037 951 3104 δι
974 3060 1041 3104 am·

175 3118 278 3208 plius,
301 3124 394 3206 hujus
409 3068 521 3197 Surculi
547 3149 616 3194 xvr.

174 3261 179 3269 ⁴
219 3212 295 3280 Cor.
325 3235 352 3279 1.
365 3215 455 3283 Hinc
481 3212 503 3280 st
524 3213 577 3299 qui
601 3213 673 3278 sunt
691 3212 846 3288 Veteres,
867 3209 922 3296 qui
947 3210 984 3279 de
1002 3233 1048 3284 aa,

170 3297 378 3368 mentionem
403 3297 551 3380 faciunt,
582 3297 687 3384 potius
719 3294 892 3378 indicasse,
923 3300 974 3365 vel
1001 3315 1038 3366 ut

173 3384 341 3455 summum
364 3385 515 3456 levissime
539 3383 701 3471 tetigisse,
722 3406 818 3469 quarn
847 3384 1061 3468 pertractasse

174 3472 304 3544 dicendi
321 3475 412 3542 sunt.
429 3473 522 3560 Quod
532 3474 670 3555 constat,
686 3467 707 3536 sr
724 3492 947 3556 comparentur
965 3493 1040 3539 curn

175 3576 225 3630 tot
251 3559 445 3632 nonoribus
461 3559 658 3643 recentibus,
678 3557 769 3646 quia
792 3556 1042 3713 sesquigaeoulo,

221 3700 232 3708 ..
927 3668 993 3714 arn-
