3192 4592
590 505 647 572 52:
723 481 1246 554 Pn'orrrtttsuu's''

544 608 737 699 probabilem
755 609 831 700 legi?
841 609 1022 681 faventem.
1045 609 1080 680 Si
1096 611 1289 682 secundum:
1310 613 1411 709 igitur

545 697 644 768 etiam
666 697 773 766 minus
805 697 972 785 probabilis
1003 699 1183 786 potestesse
1206 719 1304 785 tuta,
1333 728 1410 773 cum

546 801 581 851 ut
624 801 657 851 te
679 784 796 871 pariter
817 786 957 868 incerta,
979 786 1012 854 &
1034 784 1214 874 aequalitet,
1236 811 1273 858 ac
1296 791 1409 875 proba-

379 877 444 959 (ι)
456 893 510 964 per
545 869 577 936 bi
593 870 639 938 ior
656 871 746 954 (a),
768 869 921 958 simulque
943 872 1042 940 etiam
1066 874 1295 960 prudeoslb),
1317 876 1411 962 poffit

396 962 477 1029 idem
545 976 730 1043 operantem
752 957 899 1027 srmiliter
920 957 1050 1028 liberare
1071 982 1089 1027 a
1114 961 1255 1047 periculo
1286 961 1412 1049 peccati

374 1049 442 1130 (b)
456 1065 509 1137 pce
540 1041 695 1127 formalis.
1332 1097 1338 1108 ·

385 1138 454 1204 cor.
475 1137 507 1203 6.
592 1132 696 1218 Atque
722 1130 816 1216 haec,
839 1155 907 1220 quae
930 1131 969 1202 de
990 1131 1150 1221 opinionis
1172 1126 1278 1202 minus
1305 1134 1413 1227 probag
1507 1144 1513 1157 '

380 1221 496 1310 ,hojum
545 1215 618 1286 bilis
635 1216 860 1287 conformitate
877 1221 915 1287 ad
932 1221 1048 1289 tesiam
1066 1219 1257 1304 Rationem,
1279 1221 1412 1308 pruden⁴

545 1303 612 1387 tia,
635 1305 823 1388 securitate,
846 1307 945 1375 etiarn
962 1307 998 1375 in
1016 1306 1083 1393 ipso
1100 1306 1316 1395 probabilioris
1335 1330 1413 1376 eom
1515 1332 1516 1339 ¹

431 1476 433 1482 y
544 1389 661 1476 flictu,
692 1391 740 1458 his
768 1392 874 1460 tribus.
897 1417 923 1480 5.
950 1399 981 1459 6.
1001 1417 1032 1478 7.
1060 1393 1167 1463 Corol
1192 1394 1407 1477 deduximus,

543 1499 735 1564 quamquam
758 1479 946 1563 certissima,
967 1478 1171 1549 &evidentia
1187 1481 1275 1562 suot,
1297 1498 1411 1566 utpote
1512 1510 1515 1561 r

543 1586 582 1632 ex
606 1565 808 1652 Definitipne
830 1564 894 1652 ipsa
915 1568 1023 1652 sponte
1046 1567 1199 1666 profesia,
1219 1587 1314 1654 atque
1334 1568 1406 1636 ideo

566 1649 744 1719 uaestionem
767 1650 864 1738 ipsam
873 1651 979 1721 statim
1000 1652 1212 1735 dirimentia;
1236 1673 1409 1724 tamen-nc
1513 1660 1514 1663 ’

542 1672 799 1817 irobabilio'rillae
824 1739 948 1808 anobis
978 1738 1030 1808 vel
1062 1740 1097 1808 in
1126 1741 1192 1828 ipso
1209 1741 1322 1810 limine
1340 1741 1409 1830 peti

537 1823 719 1923 principium
745 1825 862 1894 causari
885 1827 1026 1913 pollint,
1056 1825 1296 1926 qpomodolibet
1320 1852 1407 1897 nunc

543 1928 701 1996 accrprant
730 1959 738 1977 .
780 1916 873 1980 Nam
908 1913 973 1982 haee
996 1936 1106 1981 omma
1137 1911 1214 1981 alias
1246 1914 1409 1986 offendent
1512 2000 1513 2003 Ἴ

543 1993 662 2065 iterum
681 1994 906 2084 multipliciter
927 1999 1152 2069 demonstrata.

589 2086 618 2149 8.
643 2082 791 2183 Denique
813 2083 983 2154 discrimen
1014 2085 1176 2239 opinionis
1198 2085 1367 2175 probabilis
1389 2111 1409 2157 a
1507 2120 1512 2127 .,

544 2168 751 2256 probabiliori
769 2170 804 2238 in
827 2171 965 2255 minori,
988 2196 1027 2241 ve
1065 2173 1176 2255 majori
1200 2175 1337 2262 quadam
1354 2176 1408 2242 In-

291 2330 295 2335 ,
543 2253 687 2324 tellellus
697 2257 916 2342 permotione,
938 2256 1169 2345 inclinatione,
1194 2263 1405 2349 atquedeter-

379 2352 442 2434 (ε)
455 2367 507 2440 per
544 2340 722 2412 minatione
743 2343 783 2412 ad
804 2344 974 2429 assensum,
997 2345 1031 2414 δι
1055 2345 1090 2414 in
1111 2347 1245 2435 quadam
1267 2348 1407 2432 minori,

344 2508 346 2512 ,
362 2434 528 2520 Cornlmj.
543 2425 597 2497 vel
619 2428 729 2510 majori
751 2431 897 2500 veritatis
913 2431 1092 2518 apparentia
1109 2451 1237 2504 tantum
1253 2435 1406 2519 consistit,

388 2523 444 2606 (d)
456 2541 509 2610 per
526 2516 751 2602 cummaior,
773 2516 826 2587 vel
855 2517 962 2586 minor
986 2517 1231 2606 determinatio,
1253 2545 1291 2593 ac
1316 2545 1407 2610 appa-

341 2606 529 2700 .Cor.5.huj.
543 2601 645 2672 tentia
663 2625 708 2701 ‘ex
731 2603 869 2686 minori,
890 2603 944 2673 vel
972 2606 1082 2689 majori
1108 2609 1269 2677 rationum
1293 2609 1407 2697 ponde·

379 2699 507 2786 (e)p,er
543 2711 594 2772 re,
615 2689 730 2776 qulbus
754 2690 865 2777 opinio
881 2709 1011 2780 utraque
1021 2694 1222 2781 continetur,
1246 2697 1405 2784 procedite

360 2782 526 2861 cornua).
545 2776 658 2860 Itaque
685 2793 803 2846 caetetae
824 2800 935 2848 omnes
955 2782 1180 2934 proprietates,
1201 2783 1406 2865 affectiones,

379 2867 420 2952 (s
454 2887 507 2958 per
544 2865 578 2934 δι
603 2860 782 2962 αεῑῐίὴμῐα,
804 2883 935 2953 excepta
979 2890 1014 2937 ac
1036 2867 1100 2939 sola
1122 2871 1234 2953 majori
1256 2869 1407 2940 veritatis

408 2873 437 3042 λ
464 2958 513 3023 26.
543 2963 742 3050 apparentia,
765 2975 802 3021 ac
824 2953 943 3022 mentis
962 2956 1180 3042 permotione,
1197 2956 1322 3042 utrique
1339 2955 1408 3041 opiss

269 3038 275 3052 ⁸
391 2985 443 3126 ἶ]
545 3037 636 3106 moni
665 3037 784 3124 prorsus
816 3041 1001 3110 communia
1023 3045 1119 3112 sunt.
1151 3045 1294 3129 Utraque
1317 3041 1406 3110 enim

379 3123 445 3216 (ς’)
481 3154 510 3196 er
545 3125 588 3193 est
621 3123 773 3210 incerta,
802 3127 837 3196 δι
861 3125 1022 3215 equaliter
1040 3132 1125 3211 (c):
1156 3147 1286 3215 utraque
1316 3127 1407 3197 tesia

357 3215 461 3298 Cor.'7.
498 3215 528 3300 j.
547 3211 682 3280 Rationi
703 3209 897 3298 conformia,
918 3214 953 3282 &
977 3215 1138 3302 aqualiter
1151 3218 1215 3296 (d)
1232 3234 1252 3287 :t
1273 3229 1406 3302 utraque

378 3301 446 3384 (h)
459 3320 511 3390 per
545 3297 673 3367 assensus
697 3297 922 3384 prudens(e):
946 3318 1075 3387 utraque
1085 3300 1268 3385 Prudentis,
1290 3323 1327 3370 ac
1351 3303 1407 3370 Sa·

363 3389 464 3472 idem,
480 3389 523 3455 (θ’
546 3384 663 3472 pientis
687 3385 832 3456 animum
853 3385 893 3453 ad
913 3383 1113 3456 assensionem
1135 3408 1302 3474 permovet
1317 3388 1403 3474 (Dr

358 3475 427 3546 sch.
446 3474 522 3560 Des.
545 3490 675 3560 utraque
712 3472 771 3544 etse
806 3471 903 3560 potest
940 3469 1101 3558 aequaliter
1138 3493 1209 3543 tuta
1239 3475 1405 3561 secundum

260 3575 264 3581 “
380 3582 431 3651 25.
445 3583 507 3631 rna.
542 3559 713 3649 quidm:
737 3578 849 3654 neutra
866 3558 987 3630 esttuta
1002 3555 1265 3651 fimplr'rirer(b):
1287 3579 1406 3720 ”iiim
