3192 4592
608 463 672 545 326
766 458 1265 534 ntosnitetsnus

978 633 1047 699 11.

623 768 663 834 In
681 762 873 839 Dollotibus
889 761 1019 836 clalfieis
1037 761 1108 830 sunt
1126 759 1281 830 nonnulla
1298 760 1368 832 loea
1384 787 1468 834 am·

577 853 691 942 bigua,
712 851 902 934 &obscura,
926 851 967 922 de
987 873 1124 937 quorum
1148 848 1366 938 intelligentia
1399 853 1464 919 In·

579 960 732 1026 terpretes
754 939 858 1008 etiam
881 937 1043 1010 domestici
1075 937 1264 1008 diffentiuut
1291 937 1376 1006 inter
1401 937 1458 1007 se.

625 1032 698 1099 Hoc
716 1027 819 1114 liquet
837 1026 1034 1112 potilstmum
1051 1024 1086 1090 in
1102 1021 1216 1093 Schola
1235 1027 1278 1094 l).
1297 1024 1470 1108 Thomae,

579 1118 614 1189 δι
637 1115 755 1197 Scoti,
785 1114 822 1182 in
843 1136 903 1202 qua
926 1135 1037 1182 eorum
1064 1113 1208 1200 sequaces
1241 1137 1306 1180 non
1337 1135 1462 1182 conve-

579 1204 674 1274 niunt
698 1199 866 1292 aliquando
898 1199 983 1270 eirca
1007 1198 1138 1270 illotum
1166 1220 1338 1284 mentem,
1370 1199 1462 1268 unde

581 1290 616 1360 in
638 1289 740 1357 varias
763 1286 932 1374 opiniones
956 1285 1188 1356 distrahuntur.

625 1378 674 1445 Sit
697 1373 847 1461 exemplo
865 1372 952 1444 locus
973 1376 1013 1442 D.
1032 1373 1169 1443 Thomae
1180 1373 1329 1460 Quodlib.
1340 1377 1370 1441 8.
1391 1392 1464 1443 art.

585 1487 633 1552 13·
646 1466 736 1531 Nam
756 1460 879 1546 plures,
900 1462 934 1530 lle
952 1460 1058 1545 magni
1071 1463 1221 1532 Doliores
1239 1461 1338 1531 etiam
1358 1461 1462 1528 Tho·

583 1549 681 1619 miste
703 1547 789 1615 hunc
815 1569 877 1613 uno
901 1547 1016 1627 modo,
1042 1547 1161 1633 plures,
1186 1550 1219 1616 ἃ
1242 1547 1346 1636 magni
1374 1546 1463 1631 alii,

583 1659 661 1726 quos
683 1632 768 1705 inter
792 1631 893 1702 etiam
916 1637 946 1701 S.
967 1636 1174 1719 Antoninus,
1196 1633 1268 1703 alio¹
1282 1634 1377 1703 modo
1404 1633 1461 1701 in·

584 1739 815 1809 terpretantur.
841 1720 926 1792 Vide
952 1721 1107 1790 Auciores
1130 1723 1189 1794 hac
1211 1723 1251 1790 de
1283 1743 1315 1789 re
1338 1739 1458 1807 pertra-

519 1857 524 1867 -
584 1811 730 1880 nantes.
764 1811 856 1876 Nam
882 1807 948 1878 haec
971 1807 1104 1888 afferre,
1136 1807 1395 1896 &peculiariter
1420 1805 1460 1874 ad

585 1897 689 1967 crisnn
712 1919 861 1967 revocate
885 1895 918 1966 in
942 1895 1043 1966 nostra
1066 1896 1221 1976 methodo
1244 1895 1326 1964 nihil
1345 1894 1457 1964 refert.

631 1989 706 2058 Cor.
733 1983 823 2053 Hinc
847 1981 915 2054 loca
937 1981 1114 2064 hujusmodi
1141 2008 1206 2058 non
1231 1983 1333 2068 clara,
1355 1997 1460 2063 certa,

588 2075 623 2144 &
648 2070 790 2160 precisa,
813 2069 863 2141 sed
887 2071 1062 2156 ambigua,
1092 2070 1249 2152 obseura,
1283 2071 1316 2140 δι
1341 2070 1459 2138 ineerta

588 2162 690 2240 lunt,
720 2156 977 2248 quandoquidem
1009 2157 1065 2239 id,
1104 2157 1142 2226 de
1174 2157 1262 2238 cujus
1294 2155 1463 2230 intellellu

589 2247 726 2347 plures,
748 2245 783 2312 lle
806 2244 914 2332 magni
943 2247 1135 2336 Interpretes
1157 2242 1371 2328 dissentiunt,
1404 2242 1463 2312 hu·

424 2341 555 2427 (a)pet
589 2331 725 2424 ,asmodi
749 2329 824 2414 est(
858 2337 888 2420 ).

427 2431 510 2495 can.
523 2449 552 2513 3.

593 2506 779 2667 NUnc
803 2503 972 2576 innumera
1003 2507 1074 2578 sunt
1100 2512 1298 2596 Argumenta
1314 2555 1332 2591 ,
1355 2528 1469 2594 quaen
1497 2571 1498 2588 ,

708 2593 965 2664 Probabiliotistis
990 2613 1060 2668 tum
1078 2596 1239 2684 antiquis,
1261 2614 1333 2663 tum
1356 2617 1468 2664 recen·
1496 2649 1497 2654 η

592 2680 728 2750 tioribus
741 2677 938 2752 afferuntur:
964 2681 1013 2759 his
1023 2683 1111 2754 enim
1133 2682 1279 2770 ingentia
1290 2681 1470 2752 Volumina

593 2766 687 2863 plena
712 2765 803 2835 sunt.
827 2765 950 2838 Omnia
974 2793 1052 2838 vero
1075 2771 1113 2838 ad
1129 2771 1193 2839 duo
1215 2770 1357 2856 suprema
1381 2768 1469 2856 capi-

591 2875 627 2926 ta
650 2852 860 2936 reducuntur,
884 2877 997 2942 nempe
1020 2857 1059 2926 ad
1083 2856 1339 2939 Aullotitatem,
1362 2856 1397 2924 δι
1425 2855 1467 2922 ad

593 2941 791 3013 Rationem.
817 2944 888 3012 Nos
912 2967 976 3010 non
1002 2943 1138 3032 singula,
1160 2943 1244 3031 quod
1266 2941 1402 3012 omnino
1418 2942 1470 3010 su-

595 3051 830 3119 pervacaneum
852 3029 914 3117 est,
938 3029 988 3102 sed
1009 3030 1205 3123 singulorum
1228 3031 1351 3102 summa
1380 3028 1471 3118 capi-
1493 3065 1494 3134 p

597 3137 632 3189 ta
653 3113 864 3203 proferemus.

642 3202 1039 3290 IncipiamusaRatione.
1061 3205 1102 3276 Et
1112 3205 1241 3294 quidem
1257 3203 1342 3305 quod
1351 3204 1390 3273 ad
1407 3203 1471 3274 hoo

598 3307 693 3389 caput
716 3290 862 3378 speltae,
885 3316 960 3361 cum
987 3292 1013 3364 ii
1033 3293 1193 3365 contraria
1217 3291 1393 3362 rationibus
1415 3315 1474 3359 noa

598 3378 667 3450 ltns
685 3377 837 3458 statuant,
860 3376 952 3450 ficuti
970 3379 1005 3446 in
1026 3380 1158 3464 Analyfi
1175 3380 1334 3464 diximus,
1356 3391 1472 3448 eorum

599 3481 786 3554 argumenta
808 3488 847 3535 ex
869 3464 919 3534 his
943 3465 1021 3536 loeis
1035 3488 1217 3538 eruuntur.

648 3573 676 3621 ι.
699 3551 753 3620 Ab
768 3549 969 3634 Existentin
990 3551 1024 3620 &
1045 3550 1471 3640 sufficientil'tomulgatio-

1385 3661 1428 3708 ne
