<?xml version="1.0" encoding="UTF-8"?>
<!DOCTYPE html PUBLIC "-//W3C//DTD XHTML 1.0 Transitional//EN"
    "http://www.w3.org/TR/xhtml1/DTD/xhtml1-transitional.dtd">
<html xmlns="http://www.w3.org/1999/xhtml" xml:lang="en" lang="en">
 <head>
  <title>
</title>
<meta http-equiv="Content-Type" content="text/html;charset=utf-8" />
  <meta name='ocr-system' content='tesseract 3.04.00' />
  <meta name='ocr-capabilities' content='ocr_page ocr_carea ocr_par ocr_line ocrx_word'/>
</head>
<body>
  <div class='ocr_page' id='page_1' title='image "./probabilismusme00fortgoog_0080.png"; bbox 0 0 3192 4592; ppageno 0'>
   <div class='ocr_carea' id='block_1_1' title="bbox 347 504 1017 606">
    <p class='ocr_par' dir='ltr' id='par_1_1' title="bbox 347 504 1017 606">
     <span class='ocr_line' id='line_1_1' title="bbox 347 504 1017 606; baseline -0.012 -11"><span class='ocrx_word' id='word_1_1' title='bbox 347 525 471 595; x_wconf 61' lang='lat' dir='ltr'><strong>marn.</strong></span> <span class='ocrx_word' id='word_1_2' title='bbox 484 523 611 594; x_wconf 74' lang='lat' dir='ltr'><strong>Minu.</strong></span> <span class='ocrx_word' id='word_1_3' title='bbox 622 522 817 592; x_wconf 78' lang='lat' dir='ltr'><strong>Dnr&#39;uousr.</strong></span> <span class='ocrx_word' id='word_1_4' title='bbox 835 519 868 590; x_wconf 88' lang='lat' dir='ltr'><strong>P.</strong></span> <span class='ocrx_word' id='word_1_5' title='bbox 881 523 908 590; x_wconf 89' lang='lat'><strong>1.</strong></span> <span class='ocrx_word' id='word_1_6' title='bbox 974 504 1017 606; x_wconf 60' lang='grc' dir='ltr'><strong>ἐφ’</strong></span> 
     </span>
    </p>
   </div>
   <div class='ocr_carea' id='block_1_2' title="bbox 129 650 1235 3173">
    <p class='ocr_par' dir='ltr' id='par_1_2' title="bbox 193 650 1061 813">
     <span class='ocr_line' id='line_1_2' title="bbox 193 650 1061 742; baseline -0.012 -14"><span class='ocrx_word' id='word_1_7' title='bbox 193 669 248 741; x_wconf 73' lang='lat' dir='ltr'><strong>ta,</strong></span> <span class='ocrx_word' id='word_1_8' title='bbox 271 655 305 727; x_wconf 80' lang='grc' dir='ltr'><strong>δι</strong></span> <span class='ocrx_word' id='word_1_9' title='bbox 326 655 490 739; x_wconf 85' lang='lat' dir='ltr'><strong>evidenti3</strong></span> <span class='ocrx_word' id='word_1_10' title='bbox 512 651 698 738; x_wconf 82' lang='lat' dir='ltr'><strong>secundani,</strong></span> <span class='ocrx_word' id='word_1_11' title='bbox 720 677 789 742; x_wconf 86' lang='lat' dir='ltr'><strong>quae</strong></span> <span class='ocrx_word' id='word_1_12' title='bbox 807 671 935 722; x_wconf 89' lang='lat' dir='ltr'><strong>tantum</strong></span> <span class='ocrx_word' id='word_1_13' title='bbox 952 650 1061 740; x_wconf 77' lang='lat' dir='ltr'><strong>opina⁴</strong></span> 
     </span>
     <span class='ocr_line' id='line_1_3' title="bbox 196 741 684 813; baseline -0.008 -1"><span class='ocrx_word' id='word_1_14' title='bbox 196 745 267 813; x_wconf 86' lang='lat' dir='ltr'><strong>tiva</strong></span> <span class='ocrx_word' id='word_1_15' title='bbox 292 742 478 813; x_wconf 75' lang='lat' dir='ltr'><strong>colleilione</strong></span> <span class='ocrx_word' id='word_1_16' title='bbox 500 741 684 810; x_wconf 85' lang='lat' dir='ltr'>deducitur.</span> 
     </span>
    </p>

    <p class='ocr_par' dir='ltr' id='par_1_3' title="bbox 196 824 1060 1088">
     <span class='ocr_line' id='line_1_4' title="bbox 242 824 1059 919; baseline -0.005 -23"><span class='ocrx_word' id='word_1_17' title='bbox 242 833 280 896; x_wconf 92' lang='lat' dir='ltr'><strong>In</strong></span> <span class='ocrx_word' id='word_1_18' title='bbox 304 831 377 919; x_wconf 81' lang='lat' dir='ltr'><strong>Lege</strong></span> <span class='ocrx_word' id='word_1_19' title='bbox 402 831 526 911; x_wconf 82' lang='lat' dir='ltr'><strong>divina,</strong></span> <span class='ocrx_word' id='word_1_20' title='bbox 549 831 582 897; x_wconf 76' lang='grc' dir='ltr'><strong>δι</strong></span> <span class='ocrx_word' id='word_1_21' title='bbox 607 828 751 896; x_wconf 81' lang='lat' dir='ltr'><strong>Humana</strong></span> <span class='ocrx_word' id='word_1_22' title='bbox 776 824 988 914; x_wconf 80' lang='lat' dir='ltr'>promulgatio</span> <span class='ocrx_word' id='word_1_23' title='bbox 1003 847 1059 892; x_wconf 82' lang='lat' dir='ltr'><strong>au-</strong></span> 
     </span>
     <span class='ocr_line' id='line_1_5' title="bbox 196 909 1058 997; baseline -0.005 -15"><span class='ocrx_word' id='word_1_24' title='bbox 196 916 329 983; x_wconf 82' lang='lat' dir='ltr'><strong>thentica</strong></span> <span class='ocrx_word' id='word_1_25' title='bbox 354 915 474 984; x_wconf 87' lang='lat' dir='ltr'><strong>diuersa</strong></span> <span class='ocrx_word' id='word_1_26' title='bbox 498 917 536 984; x_wconf 87' lang='lat' dir='ltr'><strong>ab</strong></span> <span class='ocrx_word' id='word_1_27' title='bbox 558 915 621 997; x_wconf 83' lang='lat' dir='ltr'><strong>ejus</strong></span> <span class='ocrx_word' id='word_1_28' title='bbox 653 915 881 997; x_wconf 87' lang='lat' dir='ltr'><strong>institutione,</strong></span> <span class='ocrx_word' id='word_1_29' title='bbox 911 914 963 982; x_wconf 84' lang='lat' dir='ltr'><strong>seu</strong></span> <span class='ocrx_word' id='word_1_30' title='bbox 989 909 1058 978; x_wconf 82' lang='lat' dir='ltr'><strong>exi·</strong></span> 
     </span>
     <span class='ocr_line' id='line_1_6' title="bbox 196 998 1060 1088; baseline -0.006 -18"><span class='ocrx_word' id='word_1_31' title='bbox 196 1001 306 1072; x_wconf 81' lang='lat' dir='ltr'><strong>flentis</strong></span> <span class='ocrx_word' id='word_1_32' title='bbox 330 1002 390 1070; x_wconf 86' lang='lat' dir='ltr'><strong>est.</strong></span> <span class='ocrx_word' id='word_1_33' title='bbox 414 1005 502 1071; x_wconf 90' lang='lat' dir='ltr'><strong>Nam</strong></span> <span class='ocrx_word' id='word_1_34' title='bbox 528 1004 592 1070; x_wconf 73' lang='lat' dir='ltr'><strong>Lex</strong></span> <span class='ocrx_word' id='word_1_35' title='bbox 615 1019 745 1088; x_wconf 86' lang='lat' dir='ltr'><strong>utraque</strong></span> <span class='ocrx_word' id='word_1_36' title='bbox 783 1003 846 1071; x_wconf 89' lang='lat' dir='ltr'><strong>rius</strong></span> <span class='ocrx_word' id='word_1_37' title='bbox 863 998 1060 1080; x_wconf 84' lang='lat' dir='ltr'><strong>instituitur,</strong></span> 
     </span>
    </p>

    <p class='ocr_par' dir='ltr' id='par_1_4' title="bbox 129 1027 1067 2015">
     <span class='ocr_line' id='line_1_7' title="bbox 129 1027 1056 1178; baseline -0.004 -22"><span class='ocrx_word' id='word_1_38' title='bbox 129 1133 132 1140; x_wconf 86' lang='lat'>.</span> <span class='ocrx_word' id='word_1_39' title='bbox 196 1089 296 1177; x_wconf 87' lang='lat' dir='ltr'><strong>postea</strong></span> <span class='ocrx_word' id='word_1_40' title='bbox 322 1088 555 1178; x_wconf 87' lang='lat' dir='ltr'><strong>promulgatur,</strong></span> <span class='ocrx_word' id='word_1_41' title='bbox 578 1107 613 1158; x_wconf 87' lang='lat' dir='ltr'><strong>ut</strong></span> <span class='ocrx_word' id='word_1_42' title='bbox 645 1108 730 1176; x_wconf 89' lang='lat' dir='ltr'><strong>patet</strong></span> <span class='ocrx_word' id='word_1_43' title='bbox 756 1027 794 1158; x_wconf 69' lang='lat' dir='ltr'><strong>sle</strong></span> <span class='ocrx_word' id='word_1_44' title='bbox 819 1089 901 1176; x_wconf 84' lang='lat' dir='ltr'>Lege</span> <span class='ocrx_word' id='word_1_45' title='bbox 922 1084 1056 1169; x_wconf 88' lang='lat' dir='ltr'><strong>veteri,</strong></span> 
     </span>
     <span class='ocr_line' id='line_1_8' title="bbox 194 1173 1059 1262; baseline -0.003 -20"><span class='ocrx_word' id='word_1_46' title='bbox 194 1192 261 1262; x_wconf 86' lang='lat' dir='ltr'><strong>quae</strong></span> <span class='ocrx_word' id='word_1_47' title='bbox 287 1173 371 1260; x_wconf 85' lang='lat' dir='ltr'><strong>prius</strong></span> <span class='ocrx_word' id='word_1_48' title='bbox 394 1198 411 1244; x_wconf 87' lang='lat' dir='ltr'><strong>a</strong></span> <span class='ocrx_word' id='word_1_49' title='bbox 445 1179 522 1243; x_wconf 78' lang='lat' dir='ltr'><strong>Dso</strong></span> <span class='ocrx_word' id='word_1_50' title='bbox 551 1200 625 1245; x_wconf 89' lang='lat' dir='ltr'><strong>cum</strong></span> <span class='ocrx_word' id='word_1_51' title='bbox 656 1174 797 1259; x_wconf 84' lang='lat' dir='ltr'><strong>Moyse,</strong></span> <span class='ocrx_word' id='word_1_52' title='bbox 829 1175 863 1242; x_wconf 79' lang='grc' dir='ltr'><strong>δι</strong></span> <span class='ocrx_word' id='word_1_53' title='bbox 892 1175 931 1243; x_wconf 87' lang='lat' dir='ltr'><strong>de</strong></span> <span class='ocrx_word' id='word_1_54' title='bbox 955 1195 1059 1254; x_wconf 88' lang='lat' dir='ltr'><strong>nova,</strong></span> 
     </span>
     <span class='ocr_line' id='line_1_9' title="bbox 193 1257 1061 1348; baseline -0.003 -19"><span class='ocrx_word' id='word_1_55' title='bbox 193 1283 261 1348; x_wconf 83' lang='lat' dir='ltr'><strong>quat</strong></span> <span class='ocrx_word' id='word_1_56' title='bbox 283 1261 367 1347; x_wconf 88' lang='lat' dir='ltr'><strong>prius</strong></span> <span class='ocrx_word' id='word_1_57' title='bbox 392 1283 409 1329; x_wconf 95' lang='lat' dir='ltr'><strong>a</strong></span> <span class='ocrx_word' id='word_1_58' title='bbox 431 1263 594 1331; x_wconf 78' lang='lat' dir='ltr'><strong>Ctrttrsro</strong></span> <span class='ocrx_word' id='word_1_59' title='bbox 623 1261 793 1347; x_wconf 83' lang='lat' dir='ltr'><strong>instituta,</strong></span> <span class='ocrx_word' id='word_1_60' title='bbox 816 1261 916 1348; x_wconf 84' lang='lat' dir='ltr'><strong>postea</strong></span> <span class='ocrx_word' id='word_1_61' title='bbox 939 1257 1061 1346; x_wconf 91' lang='lat' dir='ltr'><strong>Populo</strong></span> 
     </span>
     <span class='ocr_line' id='line_1_10' title="bbox 193 1346 1062 1436; baseline 0.001 -23"><span class='ocrx_word' id='word_1_62' title='bbox 193 1346 392 1436; x_wconf 88' lang='lat' dir='ltr'><strong>promulgata</strong></span> <span class='ocrx_word' id='word_1_63' title='bbox 419 1348 488 1416; x_wconf 85' lang='lat' dir='ltr'><strong>est:</strong></span> <span class='ocrx_word' id='word_1_64' title='bbox 519 1348 552 1420; x_wconf 75' lang='grc' dir='ltr'><strong>δι</strong></span> <span class='ocrx_word' id='word_1_65' title='bbox 578 1350 616 1416; x_wconf 91' lang='lat' dir='ltr'><strong>de</strong></span> <span class='ocrx_word' id='word_1_66' title='bbox 639 1347 772 1434; x_wconf 76' lang='lat' dir='ltr'><strong>Legibus</strong></span> <span class='ocrx_word' id='word_1_67' title='bbox 806 1347 965 1416; x_wconf 75' lang='lat' dir='ltr'><strong>Humanis</strong></span> <span class='ocrx_word' id='word_1_68' title='bbox 987 1363 1062 1414; x_wconf 89' lang='lat' dir='ltr'><strong>tum</strong></span> 
     </span>
     <span class='ocr_line' id='line_1_11' title="bbox 194 1429 1063 1522; baseline -0.006 -20"><span class='ocrx_word' id='word_1_69' title='bbox 194 1435 401 1518; x_wconf 74' lang='lat' dir='ltr'><strong>canonicis,</strong></span> <span class='ocrx_word' id='word_1_70' title='bbox 435 1451 506 1502; x_wconf 91' lang='lat' dir='ltr'><strong>tum</strong></span> <span class='ocrx_word' id='word_1_71' title='bbox 533 1433 725 1517; x_wconf 89' lang='lat' dir='ltr'><strong>Civilibus,</strong></span> <span class='ocrx_word' id='word_1_72' title='bbox 756 1457 823 1522; x_wconf 85' lang='lat' dir='ltr'><strong>quae</strong></span> <span class='ocrx_word' id='word_1_73' title='bbox 855 1437 940 1522; x_wconf 90' lang='lat' dir='ltr'><strong>prius</strong></span> <span class='ocrx_word' id='word_1_74' title='bbox 974 1429 1063 1500; x_wconf 83' lang='lat' dir='ltr'><strong>insti·</strong></span> 
     </span>
     <span class='ocr_line' id='line_1_12' title="bbox 194 1520 1062 1608; baseline -0.006 -20"><span class='ocrx_word' id='word_1_75' title='bbox 194 1536 360 1604; x_wconf 90' lang='lat' dir='ltr'><strong>tuuntur,</strong></span> <span class='ocrx_word' id='word_1_76' title='bbox 383 1523 485 1607; x_wconf 87' lang='lat' dir='ltr'><strong>postea</strong></span> <span class='ocrx_word' id='word_1_77' title='bbox 507 1520 769 1608; x_wconf 80' lang='lat' dir='ltr'><strong>promulgantur.</strong></span> <span class='ocrx_word' id='word_1_78' title='bbox 796 1524 906 1589; x_wconf 91' lang='lat' dir='ltr'><strong>Immo</strong></span> <span class='ocrx_word' id='word_1_79' title='bbox 928 1520 963 1588; x_wconf 91' lang='lat' dir='ltr'><strong>in</strong></span> <span class='ocrx_word' id='word_1_80' title='bbox 987 1520 1062 1607; x_wconf 82' lang='lat' dir='ltr'><em>Lege</em></span> 
     </span>
     <span class='ocr_line' id='line_1_13' title="bbox 191 1605 1060 1696; baseline -0.006 -21"><span class='ocrx_word' id='word_1_81' title='bbox 191 1609 338 1675; x_wconf 79' lang='lat' dir='ltr'><strong>Humana</strong></span> <span class='ocrx_word' id='word_1_82' title='bbox 360 1608 545 1694; x_wconf 87' lang='lat' dir='ltr'><strong>quandoque</strong></span> <span class='ocrx_word' id='word_1_83' title='bbox 577 1609 667 1696; x_wconf 86' lang='lat' dir='ltr'>Legis</span> <span class='ocrx_word' id='word_1_84' title='bbox 702 1607 862 1676; x_wconf 80' lang='lat' dir='ltr'><strong>institutio</strong></span> <span class='ocrx_word' id='word_1_85' title='bbox 892 1605 956 1676; x_wconf 80' lang='lat' dir='ltr'><strong>fine</strong></span> <span class='ocrx_word' id='word_1_86' title='bbox 988 1628 1060 1691; x_wconf 91' lang='lat' dir='ltr'><strong>pro·</strong></span> 
     </span>
     <span class='ocr_line' id='line_1_14' title="bbox 191 1689 1062 1783; baseline -0.005 -21"><span class='ocrx_word' id='word_1_87' title='bbox 191 1694 392 1780; x_wconf 85' lang='lat' dir='ltr'><strong>mulgatione</strong></span> <span class='ocrx_word' id='word_1_88' title='bbox 414 1695 483 1777; x_wconf 88' lang='lat' dir='ltr'><strong>est,</strong></span> <span class='ocrx_word' id='word_1_89' title='bbox 515 1694 563 1762; x_wconf 90' lang='lat' dir='ltr'><strong>uti</strong></span> <span class='ocrx_word' id='word_1_90' title='bbox 595 1694 756 1783; x_wconf 87' lang='lat' dir='ltr'><strong>contingit</strong></span> <span class='ocrx_word' id='word_1_91' title='bbox 788 1696 822 1763; x_wconf 93' lang='lat' dir='ltr'><strong>in</strong></span> <span class='ocrx_word' id='word_1_92' title='bbox 853 1693 963 1763; x_wconf 87' lang='lat' dir='ltr'><strong>Curiis</strong></span> <span class='ocrx_word' id='word_1_93' title='bbox 998 1689 1062 1759; x_wconf 83' lang='lat' dir='ltr'><strong>live</strong></span> 
     </span>
     <span class='ocr_line' id='line_1_15' title="bbox 193 1776 1064 1868; baseline -0.002 -23"><span class='ocrx_word' id='word_1_94' title='bbox 193 1779 433 1862; x_wconf 82' lang='lat' dir='ltr'><strong>E&#39;cclesrasticis,</strong></span> <span class='ocrx_word' id='word_1_95' title='bbox 457 1779 518 1848; x_wconf 88' lang='lat' dir='ltr'><strong>five</strong></span> <span class='ocrx_word' id='word_1_96' title='bbox 541 1781 773 1864; x_wconf 82' lang='lat' dir='ltr'><strong>Saecularibus,</strong></span> <span class='ocrx_word' id='word_1_97' title='bbox 806 1782 860 1850; x_wconf 90' lang='lat' dir='ltr'><strong>ubi</strong></span> <span class='ocrx_word' id='word_1_98' title='bbox 883 1782 982 1868; x_wconf 83' lang='lat' dir='ltr'>Leges</span> <span class='ocrx_word' id='word_1_99' title='bbox 1005 1776 1064 1845; x_wconf 62' lang='lat' dir='ltr'><strong>ali⁴</strong></span> 
     </span>
     <span class='ocr_line' id='line_1_16' title="bbox 195 1864 1067 2015; baseline 0.003 -85"><span class='ocrx_word' id='word_1_100' title='bbox 195 1887 264 2015; x_wconf 76' lang='lat' dir='ltr'><strong>pua</strong></span> <span class='ocrx_word' id='word_1_101' title='bbox 287 1864 454 1950; x_wconf 89' lang='lat' dir='ltr'><strong>aliquando</strong></span> <span class='ocrx_word' id='word_1_102' title='bbox 470 1865 694 1950; x_wconf 85' lang='lat' dir='ltr'><strong>instituuntur,</strong></span> <span class='ocrx_word' id='word_1_103' title='bbox 716 1892 783 1954; x_wconf 81' lang='lat' dir='ltr'><strong>quae</strong></span> <span class='ocrx_word' id='word_1_104' title='bbox 806 1887 915 1936; x_wconf 89' lang='lat' dir='ltr'><strong>tamen</strong></span> <span class='ocrx_word' id='word_1_105' title='bbox 933 1867 975 1934; x_wconf 94' lang='lat' dir='ltr'><strong>ob</strong></span> <span class='ocrx_word' id='word_1_106' title='bbox 990 1887 1067 1934; x_wconf 82' lang='lat' dir='ltr'><strong>cau-</strong></span> 
     </span>
    </p>

    <p class='ocr_par' dir='ltr' id='par_1_5' title="bbox 209 1948 946 2038">
     <span class='ocr_line' id='line_1_17' title="bbox 209 1948 946 2038; baseline 0.004 -22"><span class='ocrx_word' id='word_1_107' title='bbox 209 1971 262 2016; x_wconf 88' lang='lat' dir='ltr'><strong>am</strong></span> <span class='ocrx_word' id='word_1_108' title='bbox 285 1948 422 2035; x_wconf 82' lang='lat' dir='ltr'><strong>aliquam</strong></span> <span class='ocrx_word' id='word_1_109' title='bbox 445 1951 508 2036; x_wconf 88' lang='lat' dir='ltr'><strong>post</strong></span> <span class='ocrx_word' id='word_1_110' title='bbox 530 1950 664 2036; x_wconf 88' lang='lat' dir='ltr'><strong>minime</strong></span> <span class='ocrx_word' id='word_1_111' title='bbox 689 1953 946 2038; x_wconf 86' lang='lat' dir='ltr'><strong>promulgantut.</strong></span> 
     </span>
    </p>

    <p class='ocr_par' dir='ltr' id='par_1_6' title="bbox 207 2034 1066 2122">
     <span class='ocr_line' id='line_1_18' title="bbox 207 2034 1066 2122; baseline 0.001 -22"><span class='ocrx_word' id='word_1_112' title='bbox 207 2063 211 2068; x_wconf 90' lang='lat'>·</span> <span class='ocrx_word' id='word_1_113' title='bbox 242 2055 272 2121; x_wconf 86' lang='lat'><strong>3.</strong></span> <span class='ocrx_word' id='word_1_114' title='bbox 297 2037 337 2100; x_wconf 93' lang='lat' dir='ltr'><strong>In</strong></span> <span class='ocrx_word' id='word_1_115' title='bbox 368 2035 446 2122; x_wconf 81' lang='lat' dir='ltr'><strong>Lege</strong></span> <span class='ocrx_word' id='word_1_116' title='bbox 471 2057 546 2106; x_wconf 82' lang='lat' dir='ltr'><strong>vero</strong></span> <span class='ocrx_word' id='word_1_117' title='bbox 568 2055 677 2103; x_wconf 71' lang='lat' dir='ltr'><strong>natura</strong></span> <span class='ocrx_word' id='word_1_118' title='bbox 699 2036 865 2104; x_wconf 83' lang='lat' dir='ltr'><strong>existentia</strong></span> <span class='ocrx_word' id='word_1_119' title='bbox 896 2035 988 2122; x_wconf 80' lang='lat' dir='ltr'><strong>Legis</strong></span> <span class='ocrx_word' id='word_1_120' title='bbox 1018 2034 1066 2101; x_wconf 89' lang='lat' dir='ltr'><strong>di·</strong></span> 
     </span>
    </p>

    <p class='ocr_par' dir='ltr' id='par_1_7' title="bbox 197 2119 1164 2294">
     <span class='ocr_line' id='line_1_19' title="bbox 198 2119 1063 2206; baseline -0.001 -17"><span class='ocrx_word' id='word_1_121' title='bbox 198 2120 320 2189; x_wconf 85' lang='lat' dir='ltr'><strong>versaa</strong></span> <span class='ocrx_word' id='word_1_122' title='bbox 343 2120 596 2206; x_wconf 85' lang='lat' dir='ltr'><strong>promulgatione</strong></span> <span class='ocrx_word' id='word_1_123' title='bbox 619 2146 683 2188; x_wconf 92' lang='lat' dir='ltr'><strong>non</strong></span> <span class='ocrx_word' id='word_1_124' title='bbox 705 2123 766 2189; x_wconf 84' lang='lat' dir='ltr'><strong>est.</strong></span> <span class='ocrx_word' id='word_1_125' title='bbox 790 2124 880 2190; x_wconf 90' lang='lat' dir='ltr'><strong>Nam</strong></span> <span class='ocrx_word' id='word_1_126' title='bbox 903 2145 978 2190; x_wconf 88' lang='lat' dir='ltr'><strong>cum</strong></span> <span class='ocrx_word' id='word_1_127' title='bbox 998 2119 1063 2188; x_wconf 77' lang='lat' dir='ltr'><strong>haec</strong></span> 
     </span>
     <span class='ocr_line' id='line_1_20' title="bbox 197 2205 1164 2294; baseline 0 -20"><span class='ocrx_word' id='word_1_128' title='bbox 197 2206 372 2293; x_wconf 89' lang='lat' dir='ltr'><strong>congenito</strong></span> <span class='ocrx_word' id='word_1_129' title='bbox 395 2205 516 2275; x_wconf 87' lang='lat' dir='ltr'><strong>lumine</strong></span> <span class='ocrx_word' id='word_1_130' title='bbox 539 2207 833 2293; x_wconf 60' lang='lat' dir='ltr'><strong>continentum),</strong></span> <span class='ocrx_word' id='word_1_131' title='bbox 848 2205 1064 2294; x_wconf 87' lang='lat' dir='ltr'><strong>nonindiger,</strong></span> <span class='ocrx_word' id='word_1_132' title='bbox 1101 2207 1164 2286; x_wconf 87' lang='lat' dir='ltr'><strong>(a)</strong></span> 
     </span>
    </p>

    <p class='ocr_par' dir='ltr' id='par_1_8' title="bbox 172 2291 1235 2642">
     <span class='ocr_line' id='line_1_21' title="bbox 197 2291 1235 2382; baseline -0.007 -22"><span class='ocrx_word' id='word_1_133' title='bbox 197 2309 234 2360; x_wconf 82' lang='lat' dir='ltr'><strong>ut</strong></span> <span class='ocrx_word' id='word_1_134' title='bbox 252 2317 306 2380; x_wconf 87' lang='lat' dir='ltr'><strong>per</strong></span> <span class='ocrx_word' id='word_1_135' title='bbox 323 2293 608 2382; x_wconf 82' lang='lat' dir='ltr'><strong>promulgationem</strong></span> <span class='ocrx_word' id='word_1_136' title='bbox 626 2295 821 2380; x_wconf 86' lang='lat' dir='ltr'><strong>innotescat,</strong></span> <span class='ocrx_word' id='word_1_137' title='bbox 835 2295 984 2382; x_wconf 89' lang='lat' dir='ltr'><strong>quoniam</strong></span> <span class='ocrx_word' id='word_1_138' title='bbox 1001 2293 1065 2381; x_wconf 87' lang='lat' dir='ltr'><strong>ipsa</strong></span> <span class='ocrx_word' id='word_1_139' title='bbox 1100 2291 1160 2360; x_wconf 88' lang='lat' dir='ltr'><strong>Scb</strong></span> <span class='ocrx_word' id='word_1_140' title='bbox 1187 2311 1235 2354; x_wconf 86' lang='lat'><strong>.1.</strong></span> 
     </span>
     <span class='ocr_line' id='line_1_22' title="bbox 199 2374 1220 2468; baseline -0.008 -20"><span class='ocrx_word' id='word_1_141' title='bbox 199 2381 365 2448; x_wconf 82' lang='lat' dir='ltr'><strong>existentia</strong></span> <span class='ocrx_word' id='word_1_142' title='bbox 389 2380 622 2448; x_wconf 84' lang='lat' dir='ltr'><strong>innotescentia</strong></span> <span class='ocrx_word' id='word_1_143' title='bbox 644 2383 702 2448; x_wconf 70' lang='lat' dir='ltr'><strong>etl:</strong></span> <span class='ocrx_word' id='word_1_144' title='bbox 723 2383 824 2450; x_wconf 79' lang='lat' dir='ltr'><strong>Unde</strong></span> <span class='ocrx_word' id='word_1_145' title='bbox 847 2383 889 2447; x_wconf 91' lang='lat' dir='ltr'><strong>D.</strong></span> <span class='ocrx_word' id='word_1_146' title='bbox 915 2381 1061 2448; x_wconf 84' lang='lat' dir='ltr'><strong>Thomas</strong></span> <span class='ocrx_word' id='word_1_147' title='bbox 1098 2374 1220 2468; x_wconf 74' lang='lat' dir='ltr'><strong>praced.</strong></span> 
     </span>
     <span class='ocr_line' id='line_1_23' title="bbox 172 2467 1173 2554; baseline -0.001 -22"><span class='ocrx_word' id='word_1_148' title='bbox 172 2489 176 2496; x_wconf 74' lang='grc'><em>’</em></span> <span class='ocrx_word' id='word_1_149' title='bbox 201 2484 233 2532; x_wconf 51' lang='lat'><strong>11.</strong></span> <span class='ocrx_word' id='word_1_150' title='bbox 249 2489 298 2550; x_wconf 87' lang='lat'><strong>2.,</strong></span> <span class='ocrx_word' id='word_1_151' title='bbox 320 2468 352 2537; x_wconf 86' lang='lat'>&amp;</span> <span class='ocrx_word' id='word_1_152' title='bbox 379 2489 407 2534; x_wconf 86' lang='lat'><strong>2.</strong></span> <span class='ocrx_word' id='word_1_153' title='bbox 426 2490 455 2534; x_wconf 85' lang='lat'><strong>2.</strong></span> <span class='ocrx_word' id='word_1_154' title='bbox 471 2489 549 2554; x_wconf 80' lang='lat' dir='ltr'><strong>quse.</strong></span> <span class='ocrx_word' id='word_1_155' title='bbox 567 2489 618 2551; x_wconf 89' lang='lat'><strong>90.</strong></span> <span class='ocrx_word' id='word_1_156' title='bbox 636 2467 673 2536; x_wconf 92' lang='lat' dir='ltr'><strong>de</strong></span> <span class='ocrx_word' id='word_1_157' title='bbox 684 2468 820 2554; x_wconf 88' lang='lat' dir='ltr'><strong>Legibus</strong></span> <span class='ocrx_word' id='word_1_158' title='bbox 838 2485 896 2535; x_wconf 92' lang='lat' dir='ltr'><strong>art.</strong></span> <span class='ocrx_word' id='word_1_159' title='bbox 911 2488 943 2550; x_wconf 87' lang='lat'><strong>4.</strong></span> <span class='ocrx_word' id='word_1_160' title='bbox 960 2467 998 2533; x_wconf 87' lang='lat' dir='ltr'><strong>ad</strong></span> <span class='ocrx_word' id='word_1_161' title='bbox 1018 2491 1064 2534; x_wconf 86' lang='lat'><strong>1..</strong></span> <span class='ocrx_word' id='word_1_162' title='bbox 1101 2486 1173 2533; x_wconf 74' lang='lat' dir='ltr'><strong>rut.</strong></span> 
     </span>
     <span class='ocr_line' id='line_1_24' title="bbox 197 2552 1071 2642; baseline 0.001 -23"><span class='ocrx_word' id='word_1_163' title='bbox 197 2554 254 2619; x_wconf 75' lang='lat' dir='ltr'><strong>Aa</strong></span> <span class='ocrx_word' id='word_1_164' title='bbox 266 2554 486 2641; x_wconf 81' lang='lat' dir='ltr'><strong>primumergo,</strong></span> <span class='ocrx_word' id='word_1_165' title='bbox 511 2552 634 2640; x_wconf 84' lang='lat' dir='ltr'><strong>inquit,</strong></span> <span class='ocrx_word' id='word_1_166' title='bbox 651 2555 826 2638; x_wconf 81' lang='lat' dir='ltr'><strong>dicendum,</strong></span> <span class='ocrx_word' id='word_1_167' title='bbox 847 2556 926 2642; x_wconf 76' lang='lat' dir='ltr'><strong>quod</strong></span> <span class='ocrx_word' id='word_1_168' title='bbox 937 2557 1071 2640; x_wconf 73' lang='lat' dir='ltr'><strong>protitul-¹</strong></span> 
     </span>
    </p>

    <p class='ocr_par' dir='ltr' id='par_1_9' title="bbox 192 2639 1071 2898">
     <span class='ocr_line' id='line_1_25' title="bbox 195 2639 1071 2730; baseline 0 -25"><span class='ocrx_word' id='word_1_169' title='bbox 195 2642 280 2730; x_wconf 75' lang='lat' dir='ltr'><strong>gotio</strong></span> <span class='ocrx_word' id='word_1_170' title='bbox 305 2641 392 2728; x_wconf 81' lang='lat' dir='ltr'><strong>Legis</strong></span> <span class='ocrx_word' id='word_1_171' title='bbox 416 2659 525 2706; x_wconf 73' lang='lat' dir='ltr'><strong>natura</strong></span> <span class='ocrx_word' id='word_1_172' title='bbox 549 2639 590 2722; x_wconf 75' lang='lat' dir='ltr'><strong>est</strong></span> <span class='ocrx_word' id='word_1_173' title='bbox 615 2663 652 2704; x_wconf 89' lang='lat' dir='ltr'><strong>ex</strong></span> <span class='ocrx_word' id='word_1_174' title='bbox 672 2640 723 2706; x_wconf 80' lang='lat' dir='ltr'><strong>hoc</strong></span> <span class='ocrx_word' id='word_1_175' title='bbox 745 2642 825 2729; x_wconf 75' lang='lat' dir='ltr'><strong>ipfir,</strong></span> <span class='ocrx_word' id='word_1_176' title='bbox 847 2642 926 2728; x_wconf 81' lang='lat' dir='ltr'><strong>quod</strong></span> <span class='ocrx_word' id='word_1_177' title='bbox 950 2640 1071 2707; x_wconf 76' lang='lat' dir='ltr'><em>DEUS</em></span> 
     </span>
     <span class='ocr_line' id='line_1_26' title="bbox 192 2726 1065 2898; baseline 0.001 -107"><span class='ocrx_word' id='word_1_178' title='bbox 192 2727 435 2898; x_wconf 57' lang='lat' dir='ltr'><strong>lamdmmibus</strong></span> <span class='ocrx_word' id='word_1_179' title='bbox 455 2726 604 2794; x_wconf 82' lang='lat' dir='ltr'><strong>bominum</strong></span> <span class='ocrx_word' id='word_1_180' title='bbox 630 2727 753 2812; x_wconf 83' lang='lat' dir='ltr'><strong>inseruit</strong></span> <span class='ocrx_word' id='word_1_181' title='bbox 768 2729 945 2796; x_wconf 76' lang='lat' dir='ltr'><strong>naturaliter</strong></span> <span class='ocrx_word' id='word_1_182' title='bbox 965 2748 1065 2816; x_wconf 83' lang='lat' dir='ltr'><strong>cogna-</strong></span> 
     </span>
    </p>

    <p class='ocr_par' dir='ltr' id='par_1_10' title="bbox 213 2839 903 2885">
     <span class='ocr_line' id='line_1_27' title="bbox 213 2839 903 2885; baseline 0.01 -7"><span class='ocrx_word' id='word_1_183' title='bbox 213 2839 262 2878; x_wconf 80' lang='lat' dir='ltr'><strong>sen</strong></span> <span class='ocrx_word' id='word_1_184' title='bbox 285 2839 352 2880; x_wconf 86' lang='lat' dir='ltr'><strong>am.</strong></span> <span class='ocrx_word' id='word_1_185' title='bbox 834 2877 836 2881; x_wconf 94' lang='lat'>.</span> <span class='ocrx_word' id='word_1_186' title='bbox 901 2879 903 2885; x_wconf 85' lang='lat'><em>.</em></span> 
     </span>
    </p>

    <p class='ocr_par' dir='ltr' id='par_1_11' title="bbox 212 2900 1069 2989">
     <span class='ocr_line' id='line_1_28' title="bbox 212 2900 1069 2989; baseline -0.001 -21"><span class='ocrx_word' id='word_1_187' title='bbox 212 2929 216 2936; x_wconf 95' lang='lat'>·</span> <span class='ocrx_word' id='word_1_188' title='bbox 241 2921 272 2982; x_wconf 91' lang='lat'><strong>4.</strong></span> <span class='ocrx_word' id='word_1_189' title='bbox 298 2901 385 2970; x_wconf 90' lang='lat' dir='ltr'><strong>Hinc</strong></span> <span class='ocrx_word' id='word_1_190' title='bbox 417 2900 629 2989; x_wconf 88' lang='lat' dir='ltr'><strong>promulgatio</strong></span> <span class='ocrx_word' id='word_1_191' title='bbox 658 2902 831 2969; x_wconf 78' lang='lat' dir='ltr'><strong>authentica</strong></span> <span class='ocrx_word' id='word_1_192' title='bbox 861 2901 968 2972; x_wconf 87' lang='lat' dir='ltr'><strong>locum</strong></span> <span class='ocrx_word' id='word_1_193' title='bbox 999 2904 1069 2970; x_wconf 87' lang='lat' dir='ltr'><strong>tan&#39;·</strong></span> 
     </span>
    </p>

    <p class='ocr_par' dir='ltr' id='par_1_12' title="bbox 197 2985 1072 3173">
     <span class='ocr_line' id='line_1_29' title="bbox 198 2985 1072 3076; baseline 0.005 -23"><span class='ocrx_word' id='word_1_194' title='bbox 198 3004 270 3053; x_wconf 86' lang='lat' dir='ltr'><strong>tum</strong></span> <span class='ocrx_word' id='word_1_195' title='bbox 293 2985 387 3056; x_wconf 88' lang='lat' dir='ltr'><strong>habet</strong></span> <span class='ocrx_word' id='word_1_196' title='bbox 409 2986 443 3054; x_wconf 93' lang='lat' dir='ltr'><strong>in</strong></span> <span class='ocrx_word' id='word_1_197' title='bbox 459 2989 535 3076; x_wconf 74' lang='lat' dir='ltr'><strong>Lege</strong></span> <span class='ocrx_word' id='word_1_198' title='bbox 558 2988 696 3070; x_wconf 85' lang='lat' dir='ltr'><strong>Divina,</strong></span> <span class='ocrx_word' id='word_1_199' title='bbox 719 2989 752 3056; x_wconf 87' lang='lat'>&amp;</span> <span class='ocrx_word' id='word_1_200' title='bbox 767 2989 929 3073; x_wconf 80' lang='lat' dir='ltr'><strong>Humana,</strong></span> <span class='ocrx_word' id='word_1_201' title='bbox 953 3011 1017 3054; x_wconf 91' lang='lat' dir='ltr'><strong>non</strong></span> <span class='ocrx_word' id='word_1_202' title='bbox 1034 2985 1072 3057; x_wconf 49' lang='lat' dir='ltr'><strong>itt*</strong></span> 
     </span>
     <span class='ocr_line' id='line_1_30' title="bbox 197 3074 1061 3173; baseline -0.006 -29"><span class='ocrx_word' id='word_1_203' title='bbox 197 3076 275 3170; x_wconf 78' lang='lat' dir='ltr'><strong>Lege</strong></span> <span class='ocrx_word' id='word_1_204' title='bbox 298 3094 428 3156; x_wconf 79' lang='lat' dir='ltr'><strong>natrirae,</strong></span> <span class='ocrx_word' id='word_1_205' title='bbox 451 3077 485 3143; x_wconf 78' lang='grc' dir='ltr'><strong>δι</strong></span> <span class='ocrx_word' id='word_1_206' title='bbox 508 3074 608 3143; x_wconf 85' lang='lat' dir='ltr'><strong>solum</strong></span> <span class='ocrx_word' id='word_1_207' title='bbox 631 3075 665 3142; x_wconf 94' lang='lat' dir='ltr'><strong>in</strong></span> <span class='ocrx_word' id='word_1_208' title='bbox 688 3077 848 3162; x_wconf 64' lang='lat' dir='ltr'><strong>preceptis</strong></span> <span class='ocrx_word' id='word_1_209' title='bbox 866 3074 1061 3173; x_wconf 74' lang='lat' dir='ltr'><strong>formalibus,</strong></span> 
     </span>
    </p>
   </div>
   <div class='ocr_carea' id='block_1_3' title="bbox 81 3161 1067 3249">
    <p class='ocr_par' dir='ltr' id='par_1_13' title="bbox 81 3161 1067 3249">
     <span class='ocr_line' id='line_1_31' title="bbox 81 3161 1067 3249; baseline -0.003 -20"><span class='ocrx_word' id='word_1_210' title='bbox 81 3183 84 3190; x_wconf 86' lang='lat'>·</span> <span class='ocrx_word' id='word_1_211' title='bbox 199 3185 237 3231; x_wconf 91' lang='lat' dir='ltr'><strong>ac</strong></span> <span class='ocrx_word' id='word_1_212' title='bbox 253 3163 418 3249; x_wconf 82' lang='lat' dir='ltr'><strong>explicitis.</strong></span> <span class='ocrx_word' id='word_1_213' title='bbox 442 3163 585 3249; x_wconf 88' lang='lat' dir='ltr'><strong>Utraque</strong></span> <span class='ocrx_word' id='word_1_214' title='bbox 603 3185 681 3229; x_wconf 85' lang='lat' dir='ltr'><strong>uero</strong></span> <span class='ocrx_word' id='word_1_215' title='bbox 699 3188 755 3228; x_wconf 82' lang='lat' dir='ltr'><strong>non</strong></span> <span class='ocrx_word' id='word_1_216' title='bbox 775 3161 948 3230; x_wconf 75' lang='lat' dir='ltr'><strong>authentica</strong></span> <span class='ocrx_word' id='word_1_217' title='bbox 966 3178 1067 3228; x_wconf 83' lang='lat' dir='ltr'><strong>ettam</strong></span> 
     </span>
    </p>
   </div>
   <div class='ocr_carea' id='block_1_4' title="bbox 200 3243 1072 3574">
    <p class='ocr_par' dir='ltr' id='par_1_14' title="bbox 200 3243 1072 3574">
     <span class='ocr_line' id='line_1_32' title="bbox 200 3243 1072 3336; baseline -0.003 -21"><span class='ocrx_word' id='word_1_218' title='bbox 200 3249 237 3317; x_wconf 89' lang='lat' dir='ltr'><strong>in</strong></span> <span class='ocrx_word' id='word_1_219' title='bbox 260 3249 333 3336; x_wconf 81' lang='lat' dir='ltr'><strong>Lege</strong></span> <span class='ocrx_word' id='word_1_220' title='bbox 355 3268 485 3329; x_wconf 82' lang='lat' dir='ltr'><strong>naturae3</strong></span> <span class='ocrx_word' id='word_1_221' title='bbox 509 3250 542 3316; x_wconf 71' lang='grc' dir='ltr'>ἃ</span> <span class='ocrx_word' id='word_1_222' title='bbox 569 3249 602 3316; x_wconf 94' lang='lat' dir='ltr'><strong>in</strong></span> <span class='ocrx_word' id='word_1_223' title='bbox 620 3247 719 3330; x_wconf 69' lang='lat' dir='ltr'><strong>solie,</strong></span> <span class='ocrx_word' id='word_1_224' title='bbox 744 3271 778 3318; x_wconf 84' lang='lat' dir='ltr'><strong>ac</strong></span> <span class='ocrx_word' id='word_1_225' title='bbox 801 3247 950 3316; x_wconf 87' lang='lat' dir='ltr'><strong>omnibus</strong></span> <span class='ocrx_word' id='word_1_226' title='bbox 973 3243 1072 3328; x_wconf 70' lang='lat' dir='ltr'><strong>cujus⁴</strong></span> 
     </span>
     <span class='ocr_line' id='line_1_33' title="bbox 200 3334 1071 3432; baseline -0.003 -30"><span class='ocrx_word' id='word_1_227' title='bbox 200 3359 262 3421; x_wconf 88' lang='lat' dir='ltr'><strong>que</strong></span> <span class='ocrx_word' id='word_1_228' title='bbox 285 3335 375 3421; x_wconf 83' lang='lat' dir='ltr'><strong>Legis</strong></span> <span class='ocrx_word' id='word_1_229' title='bbox 400 3334 854 3422; x_wconf 53' lang='lat' dir='ltr'><strong>praeceptisuirtualilrir,1&amp;</strong></span> <span class='ocrx_word' id='word_1_230' title='bbox 879 3334 1034 3432; x_wconf 80' lang='lat' dir='ltr'><strong>implicitis</strong></span> <span class='ocrx_word' id='word_1_231' title='bbox 1060 3379 1071 3431; x_wconf 83' lang='lat'><strong>·.</strong></span> 
     </span>
     <span class='ocr_line' id='line_1_34' title="bbox 206 3419 1069 3574; baseline -0.005 -84"><span class='ocrx_word' id='word_1_232' title='bbox 206 3425 294 3490; x_wconf 89' lang='lat' dir='ltr'><strong>Cum</strong></span> <span class='ocrx_word' id='word_1_233' title='bbox 316 3444 450 3506; x_wconf 90' lang='lat' dir='ltr'><strong>namque</strong></span> <span class='ocrx_word' id='word_1_234' title='bbox 484 3421 517 3489; x_wconf 88' lang='lat' dir='ltr'><strong>in</strong></span> <span class='ocrx_word' id='word_1_235' title='bbox 540 3421 831 3574; x_wconf 57' lang='lat' dir='ltr'><strong>unaquaquelegle</strong></span> <span class='ocrx_word' id='word_1_236' title='bbox 865 3419 930 3487; x_wconf 86' lang='lat' dir='ltr'><strong>dart</strong></span> <span class='ocrx_word' id='word_1_237' title='bbox 952 3419 1069 3509; x_wconf 84' lang='lat' dir='ltr'><strong>poffint</strong></span> 
     </span>
    </p>
   </div>
   <div class='ocr_carea' id='block_1_5' title="bbox 80 3502 1370 3602">
    <p class='ocr_par' dir='ltr' id='par_1_15' title="bbox 80 3502 1370 3602">
     <span class='ocr_line' id='line_1_35' title="bbox 80 3502 1370 3602; baseline -0.014 -17"><span class='ocrx_word' id='word_1_238' title='bbox 80 3547 100 3592; x_wconf 69' lang='lat' dir='ltr'><strong>s,</strong></span> <span class='ocrx_word' id='word_1_239' title='bbox 203 3507 309 3587; x_wconf 83' lang='lat' dir='ltr'><strong>casus,</strong></span> <span class='ocrx_word' id='word_1_240' title='bbox 330 3505 508 3593; x_wconf 85' lang='lat' dir='ltr'><strong>dequibus,</strong></span> <span class='ocrx_word' id='word_1_241' title='bbox 530 3533 570 3576; x_wconf 90' lang='lat' dir='ltr'><strong>an</strong></span> <span class='ocrx_word' id='word_1_242' title='bbox 580 3510 662 3596; x_wconf 84' lang='lat' dir='ltr'><strong>Lege</strong></span> <span class='ocrx_word' id='word_1_243' title='bbox 673 3529 799 3595; x_wconf 85' lang='lat' dir='ltr'><strong>compre</strong></span> <span class='ocrx_word' id='word_1_244' title='bbox 824 3507 997 3588; x_wconf 84' lang='lat' dir='ltr'><strong>endantur,</strong></span> <span class='ocrx_word' id='word_1_245' title='bbox 1020 3513 1067 3572; x_wconf 56' lang='grc' dir='ltr'><strong>ὴὲ</strong></span> <span class='ocrx_word' id='word_1_246' title='bbox 1087 3502 1173 3602; x_wconf 51' lang='lat' dir='ltr'><strong>ib)</strong></span> <span class='ocrx_word' id='word_1_247' title='bbox 1191 3517 1247 3588; x_wconf 77' lang='lat' dir='ltr'><strong>per</strong></span> <span class='ocrx_word' id='word_1_248' title='bbox 1367 3519 1370 3522; x_wconf 79' lang='grc'><strong>’</strong></span> 
     </span>
    </p>
   </div>
   <div class='ocr_carea' id='block_1_6' title="bbox 204 3591 1263 3770">
    <p class='ocr_par' dir='ltr' id='par_1_16' title="bbox 204 3591 1263 3770">
     <span class='ocr_line' id='line_1_36' title="bbox 204 3591 1263 3770; baseline -0.011 -103"><span class='ocrx_word' id='word_1_249' title='bbox 204 3591 405 3667; x_wconf 83' lang='lat' dir='ltr'><strong>tionabiliter</strong></span> <span class='ocrx_word' id='word_1_250' title='bbox 425 3593 564 3665; x_wconf 86' lang='lat' dir='ltr'><strong>dubitati</strong></span> <span class='ocrx_word' id='word_1_251' title='bbox 576 3595 680 3770; x_wconf 58' lang='lat' dir='ltr'><strong>potpst</strong></span> <span class='ocrx_word' id='word_1_252' title='bbox 697 3593 778 3679; x_wconf 70' lang='lat' dir='ltr'><strong>(ils</strong></span> <span class='ocrx_word' id='word_1_253' title='bbox 801 3615 838 3665; x_wconf 76' lang='lat' dir='ltr'><strong>et</strong></span> <span class='ocrx_word' id='word_1_254' title='bbox 856 3592 988 3768; x_wconf 60' lang='lat' dir='ltr'><strong>notiplipa</strong></span> <span class='ocrx_word' id='word_1_255' title='bbox 985 3638 1021 3749; x_wconf 68' lang='lat' dir='ltr'><strong>,m</strong></span> <span class='ocrx_word' id='word_1_256' title='bbox 1012 3611 1068 3679; x_wconf 83' lang='lat' dir='ltr'><strong>per</strong></span> <span class='ocrx_word' id='word_1_257' title='bbox 1114 3591 1263 3689; x_wconf 54' lang='lat' dir='ltr'><strong>ademun-</strong></span> 
     </span>
    </p>
   </div>
   <div class='ocr_carea' id='block_1_7' title="bbox 0 0 1600 4592">
    <p class='ocr_par' dir='ltr' id='par_1_17' title="bbox 0 0 1600 4592">
     <span class='ocr_line' id='line_1_37' title="bbox 0 0 1600 4592; baseline 0 1"><span class='ocrx_word' id='word_1_258' title='bbox 0 0 1600 4592; x_wconf 95' lang='lat' dir='ltr'><strong> </strong></span> 
     </span>
    </p>
   </div>
  </div>
 </body>
</html>
